3456 5734
409 781 583 832 nxrnscrs
606 781 700 832 raon
722 781 792 832 rnu
813 779 930 832 nssree
952 781 1061 831 roure.
1197 769 1260 833 419

213 966 363 1035 homines
389 969 591 1047 summoniti,
623 969 708 1034 sicut
737 971 831 1055 patet
862 968 899 1032 in
920 968 1048 1056 panello
1081 990 1139 1054 per
1168 967 1261 1034 Vice-

212 1071 350 1136 comites
381 1077 569 1153 retorneto;
600 1077 636 1138 et
655 1072 770 1138 habito
792 1070 927 1138 consilio
950 1077 984 1137 et
1006 1076 1152 1138 tractatu
1173 1070 1263 1138 iuter

213 1171 373 1258 Majorem
400 1178 435 1242 et
466 1173 707 1240 Aldermannos
731 1174 957 1260 adjudicium
981 1195 1078 1260 super
1106 1173 1260 1255 falsitate,
1323 1223 1329 1236 .
1364 1207 1397 1238 a

214 1274 353 1353 malitia,
395 1281 429 1344 et
478 1276 668 1364 deceptione
710 1276 875 1364 praediotis
912 1275 1118 1342 formandum
1139 1301 1147 1358 ;
1184 1277 1262 1363 quia

211 1375 340 1442 dictum
362 1377 485 1444 fectum
508 1385 559 1445 est
580 1379 674 1465 quasi
698 1379 848 1464 quaedam
867 1378 988 1466 speeies
1002 1378 1092 1457 furti,
1116 1378 1261 1444 sednon

211 1483 263 1544 est
292 1479 412 1566 aliquis
434 1479 493 1568 qui
518 1501 631 1548 versus
656 1481 736 1560 illos,
765 1481 819 1548 vel
844 1502 956 1548 eorum
980 1481 1130 1566 aliquem,
1153 1501 1261 1566 prose-

212 1587 344 1666 quatur,
368 1603 428 1650 nec
450 1588 501 1652 est
517 1583 589 1668 juri
604 1604 778 1654 consonum
811 1587 870 1651 aut
893 1583 964 1650 Deo
986 1583 1151 1670 pleeabile,
1175 1583 1262 1670 quod

211 1684 290 1748 talis
320 1684 459 1761 salsitas,
485 1685 642 1772 deceptio,
672 1688 707 1750 et
729 1684 858 1749 mulitia
887 1690 1035 1750 transeat
1056 1685 1262 1772 impunitus3

211 1787 376 1872 praecipue
392 1808 468 1851 cum
479 1808 591 1852 omnes
606 1787 655 1852 illi
671 1787 728 1873 qui
743 1787 786 1850 ad
802 1786 908 1851 dictos
923 1787 1069 1872 pistores,
1085 1787 1129 1851 ad
1144 1809 1262 1874 panem

212 1909 311 1954 suum
325 1887 545 1966 furniendum,
560 1889 721 1966 venerint,
744 1888 833 1971 falso,
858 1889 1017 1982 nequiter,
1034 1894 1069 1954 et
1090 1889 1261 1970 malitiose,

212 1989 294 2076 ipsis
340 1989 400 2055 hoc
433 1991 577 2078 'penitus
619 1989 853 2080 ignorantibus,
882 1989 1016 2058 fuorunt
1046 1989 1182 2080 decepti,
1229 1999 1264 2060 ct

213 2093 373 2160 damnum
399 2114 466 2158 non
491 2093 654 2158 modicum
677 2092 878 2178 receperint3
910 2093 1141 2160 concordatum
1156 2099 1207 2162 est
1228 2100 1263 2160 et

212 2193 412 2272 ordinatum,
435 2195 521 2282 qnod
544 2217 656 2260 omnes
672 2194 722 2258 illi
744 2194 785 2259 de
808 2193 973 2280 praedictis
997 2193 1177 2281 pistoribus
1199 2197 1262 2262 sub

214 2319 356 2383 quorum
372 2298 496 2362 tabulis
512 2320 586 2363 cum
608 2296 821 2364 foraminibus
843 2302 975 2387 pastum
991 2297 1166 2364 inventum
1188 2298 1262 2375 fuit,

213 2405 382 2486 ponantur
410 2421 507 2488 super
536 2399 771 2488 collistrigium,
801 2421 875 2466 cum
911 2399 1051 2486 quedem
1077 2401 1264 2487 quantitate

213 2501 305 2566 illius
320 2502 408 2588 pesti
423 2502 586 2588 pendente
611 2501 695 2566 circa
717 2501 836 2566 collum
861 2523 979 2586 suum;
1003 2507 1037 2568 et
1058 2501 1108 2566 illi
1130 2503 1266 2589 pistores

214 2605 250 2668 in
267 2625 407 2694 qnorum
430 2603 581 2669 domibus
596 2613 728 2691 pastum
744 2603 806 2667 sub
823 2603 947 2669 tabulis
962 2602 1137 2671 antedictis
1152 2605 1266 2672 inven-

214 2713 289 2771 tum
321 2705 483 2782 nonfuit,
506 2711 677 2794 ponantur
698 2727 796 2801 super
818 2704 1045 2794 collistrigium
1074 2705 1144 2770 sine
1172 2713 1267 2796 posto

215 2809 364 2874 haerente
379 2809 464 2874 circa
478 2809 560 2874 colla
584 2829 667 2886 sua;
689 2813 724 2873 et
747 2807 835 2894 quod
857 2813 1028 2878 morentur
1050 2831 1146 2898 snper
1179 2811 1267 2875 colli·

217 2912 375 2997 striginm
391 2932 559 2998 quousque
571 2911 724 3000 Vesperae
740 2910 829 2998 apud
844 2909 1002 2978 Sanctum
1019 2909 1158 2980 Paulum
1183 2911 1268 2978 Lon·

216 3014 392 3079 doniarum
415 3018 655 3100 percontentur.

264 3129 311 3193 Et
327 3128 434 3214 quood
450 3128 622 3214 praedictas
634 3128 715 3192 duas
731 3127 890 3204 mulieres,
902 3129 979 3213 quia
993 3127 1137 3214 allegant
1149 3127 1267 3194 habere

219 3232 319 3308 viros,
337 3229 428 3295 diota
448 3229 602 3294 videlicet
626 3225 735 3300 Aliola
758 3227 959 3294 Willelmum
982 3229 1023 3294 de
1047 3227 1268 3311 Breohenoke‚

216 3333 327 3398 virum
343 3352 447 3410 suum,
470 3335 505 3396 et
521 3330 678 3418 praedicte
693 3330 795 3396 Lucia
810 3329 987 3414 Hugonem
1002 3329 1043 3394 de
1058 3329 1268 3416 Pykerynge,

216 3435 329 3502 virum
360 3455 464 3511 suum,
496 3437 531 3498 et
567 3433 629 3498 hoc
660 3431 748 3498 idem
778 3433 938 3498 testatum
976 3437 1027 3496 est
1057 3453 1115 3518 per
1143 3433 1268 3498 vicinos

217 3557 352 3614 emum3
375 3555 513 3620 cumque
536 3534 658 3603 eaedem
673 3533 780 3600 Alicio
802 3535 837 3598 et
853 3531 953 3598 Lucia
976 3531 1119 3620 allegent
1141 3533 1267 3599 dictum

217 3639 343 3709 factum
367 3658 433 3702 non
476 3657 545 3704 esse
577 3635 701 3708 fectum
735 3656 855 3712 earum,
886 3633 1118 3702 concordatum
1152 3641 1203 3702 est
1233 3643 1267 3701 et

218 3740 419 3818 ordinatum,
459 3738 546 3824 quod
591 3739 806 3808 remittuntur
842 3735 981 3822 prieoure
1020 3736 1060 3802 de
1106 3735 1267 3824 Neugate,

217 3843 343 3910 ibidem
380 3845 558 3916 moratura
592 3861 761 3926 quousque
787 3839 878 3908 aliud
908 3839 949 3906 de
973 3838 1020 3906 eis
1052 3837 1152 3906 fuerit
1182 3841 1267 3904 ordi-

218 3949 361 4024 natum3
384 3948 419 4008 et
441 3943 527 4028 quod
555 3964 667 4012 omnes
690 3941 878 4030 hujusmodi
893 3941 1017 4008 tabulae
1039 3963 1114 4007 eum
1136 3940 1268 4007 forami-

217 4047 327 4123 nibus,
363 4049 401 4112 nt
432 4045 626 4134 praedictum
661 4050 719 4122 est,
750 4048 999 4132 prosternentur
1032 4048 1066 4108 et
1096 4043 1268 4115 deleantur

218 4149 379 4228 totaliter,
412 4151 447 4216 et
480 4149 597 4218 amodo
631 4147 703 4214 fieri
734 4168 803 4218 non
832 4145 1023 4233 patientum
1060 4150 1096 4214 et
1129 4146 1267 4232 quodsi

217 4251 338 4338 aliquis
361 4249 523 4327 dictorum
539 4250 702 4338 pistorum
718 4249 758 4318 de
773 4253 890 4314 cetero
906 4269 979 4314 eum
995 4247 1055 4318 tali
1070 4246 1266 4333 deceptione,

217 4353 372 4429 falsitate,
395 4354 429 4415 et
460 4350 588 4416 malitie
614 4350 812 4430 invenietur,
843 4349 930 4444 quod
960 4353 1026 4414 stet
1052 4369 1148 4442 super
1179 4349 1267 4414 colli-

218 4453 373 4540 strigium
396 4474 454 4544 per
479 4473 584 4517 unum
615 4452 702 4518 diem
732 4453 907 4538 integrum,
932 4455 966 4515 et
987 4456 1101 4537 postea
1137 4449 1267 4538 abjuret

219 4556 399 4633 civitatem,
429 4554 479 4622 iu
510 4555 600 4643 quod
631 4555 667 4620 in
705 4557 871 4647 posterum
907 4575 967 4639 pro
1004 4558 1150 4638 tempore
1187 4557 1266 4618 tunc

220 4661 335 4726 futuro
357 4679 425 4723 non
447 4656 567 4725 redeat

1061 4771 1087 4820 o
1108 4773 1134 4821 1>
1157 4760 1177 4822 2
