3456 5734
776 1467 1003 1546 APPFNDIX
1024 1469 1073 1544 ΙΙ.

830 1637 1011 1654 mmm&

405 1796 585 1862 Exrmurs
618 1797 702 1862 from
743 1799 800 1863 the
834 1797 963 1864 Lmna
992 1797 1336 1882 Mruourrnorrorr,
1348 1803 1445 1884 temp.

561 1899 717 1964 Enwmn
739 1900 795 1982 II.‚
828 1901 1000 1988 preserved
1021 1904 1058 1966 at
1080 1899 1298 1967 urrunnun.

269 2161 361 2206 aros.
407 2130 534 2199 oteres
557 2132 745 2212 Alionorca
775 2156 890 2222 anper
910 2135 1053 2222 Reyinm
1074 2133 1221 2220 Anytioe,
1240 2134 1339 2222 facto
1361 2133 1448 2198 Fra·

609 2235 717 2302 tribus
739 2235 925 2304 Poeoiteat'
898 2245 955 2304 tero
976 2237 1086 2306 Jtesu
1110 2235 1245 2304 otiare·

239 2423 288 2466 uns
287 2423 336 2465 mr
344 2423 369 2465 or
451 2405 659 2490 “Alienora,
683 2407 746 2472 Dei
769 2407 877 2496 gratia
901 2408 1029 2496 Regina
1052 2407 1194 2496 Angliae‚
1219 2405 1364 2472 Domina
1387 2404 1449 2468 Hi-

238 2474 413 2616 (Υζωιξὲἰ
361 2576 387 2616 Υ
417 2507 576 2586 ‘herniae
593 2509 737 2575 Duxissa
745 2511 968 2597 Aquitanniae,
985 2516 1020 2576 et
1034 2533 1092 2602 per
1107 2510 1287 2580 Dominum
1303 2513 1448 2577 nostrum

359 2609 569 2696 wRogem
586 2611 768 2677 Henrioum
785 2613 904 2678 Custos
927 2613 1051 2677 Domus
1067 2611 1184 2676 Pontis
1199 2611 1450 2686 Londoniarum,

252 2637 351 2768 'iiim
407 2718 423 2746 ‘¹
446 2714 597 2778 omnibus
619 2736 760 2800 pmesens
794 2715 953 2802 scriptum
976 2715 1097 2780 visuris
1119 2713 1173 2779 vel
1207 2713 1378 2791 audituris,
1401 2735 1450 2776 sa

407 2823 424 2847 “
447 2813 582 2880 lutem'
573 2837 609 2880 m
633 2817 780 2882 Domino.
836 2816 986 2882 Noverit
962 2823 1005 2882 trs
1028 2839 1087 2882 nos
1118 2815 1256 2902 obligari
1278 2821 1313 2882 et
1335 2815 1449 2894 teneri,

409 2924 425 2949 “
448 2939 506 3002 pro
528 2917 623 2982 nobis
645 2924 679 2984 et
701 2920 886 2986 heeredibus
907 2921 1038 2998 nostris,
1055 2918 1227 2985 defendere
1244 2918 1306 3006 [et]
1324 2941 1450 2983 warun-

408 3027 426 3052 “
448 3020 550 3085 tizare
572 3026 685 3086 contra
707 3045 818 3088 omnes
840 3023 987 3088 hominos
1009 3023 1046 3087 in
1067 3028 1261 3109 perpetuum
1284 3021 1452 3086 Prioribus

408 3127 425 3156 “
449 3127 483 3187 et
509 3122 679 3188 Fratribus
705 3125 746 3190 de
773 3124 976 3190 Poenitentia
995 3124 1101 3190 Jhssu
1124 3124 1257 3204 Christi,
1275 3123 1453 3189 Londoniis

409 3227 733 3305 “commorantibus
758 3229 870 3292 omnia
884 3232 1082 3305 tenemento,
1106 3249 1180 3292 oum
1203 3227 1356 3292 omnibus
1378 3248 1450 3312 per-

409 3334 426 3361 “
449 3329 601 3394 tinentiis
627 3329 703 3406 suis,
726 3351 800 3415 quae
832 3330 920 3396 idem
943 3330 1037 3396 Prior
1059 3335 1093 3396 et
1117 3329 1248 3394 Fratres
1271 3329 1395 3394 habent
1418 3329 1453 3392 in

410 3436 428 3465 “
451 3431 523 3495 vieo
544 3432 601 3517 qui
616 3437 754 3497 vocatur
779 3431 1093 3513 ‘Uolobirebstruta’
1116 3433 1151 3496 in
1167 3431 1325 3496 Paroohia
1340 3431 1453 3496 Sancti

411 3539 427 3566 “
451 3531 549 3598 Olavi
570 3533 606 3600 in
628 3534 810 3612 Judaismo,
833 3535 869 3598 in
902 3534 1060 3599 Paroolria
1094 3534 1225 3600 Sanctae
1260 3533 1454 3619 Margarotae

411 3643 428 3668 “
451 3635 491 3700 de
514 3636 713 3724 Lothebury,
736 3638 773 3701 in
808 3635 954 3704 Ciuitate
989 3636 1242 3715 Londoniarum,
1265 3659 1307 3702 ex
1329 3657 1455 3702 conoes-

410 3744 429 3772 “
452 3737 541 3802 sione
564 3745 598 3804 et
620 3739 863 3805 confirmatione
879 3759 960 3824 quas
974 3739 1096 3804 eisdem
1113 3739 1219 3803 Priori
1233 3742 1269 3803 et
1284 3737 1454 3803 Fratribus

410 3847 426 3873 “
445 3861 506 3926 -per
527 3863 669 3926 praesens
691 3843 849 3928 scripturn
880 3839 1023 3919 fecimus,
1048 3842 1088 3907 de
1121 3861 1254 3906 assensu
1285 3845 1320 3905 et
1342 3839 1456 3906 volun-

410 3948 429 3977 “
451 3947 523 4006 tate
539 3942 665 4007 Fratris
680 3943 841 4030 Stephani
856 3944 896 4008 de
912 3943 1086 4021 Forborne‚
1102 3941 1315 4008 Suboustodis
1331 3941 1454 4008 Domus

410 4053 426 4079 “
449 4045 614 4133 praediotae
630 4044 754 4124 Pontis,
770 4051 1027 4131 caeterorumque
1051 4045 1206 4111 Fratrum
1230 4046 1357 4110 Domus
1371 4045 1456 4128 ejus·

410 4153 429 4182 “
452 4147 534 4216 dem.
558 4170 617 4235 pro
639 4149 811 4234 sexaginta
832 4149 950 4214 marcis
971 4148 1100 4235 argenti
1123 4169 1205 4234 quas
1238 4170 1258 4212 a
1291 4144 1456 4234 praedictis

411 4258 429 4284 “
452 4250 564 4316 Priore
586 4255 620 4316 et
644 4250 815 4316 Fratribus
837 4251 878 4316 de
900 4250 1103 4316 Poenitentia
1124 4250 1229 4315 Jhesu
1252 4248 1377 4315 Christi
1406 4271 1455 4313 re-

413 4360 431 4388 “
454 4354 598 4440 cepimus
620 4352 662 4418 ad
684 4354 841 4419 fabricam
864 4354 1032 4440 praedictae
1054 4353 1176 4431 Pontis,
1203 4357 1237 4418 et
1258 4374 1317 4438 pro
1342 4352 1455 4418 inven-

412 4457 543 4521 “tione
566 4456 665 4520 unius
689 4456 980 4543 Capellaniquem
1014 4456 1100 4521 idem
1136 4454 1229 4520 Prior
1259 4460 1294 4519 ot
1326 4455 1456 4520 Fratres

294 4614 301 4627 .
334 4615 339 4627 .
362 4613 368 4626 .
393 4542 431 4594 '“
454 4560 521 4623 suis
543 4559 729 4645 sumptibus
751 4565 909 4645 perpetuo
931 4559 1111 4636 inveniant,
1127 4557 1242 4622 divina
1263 4555 1458 4622 celebrantis

413 4669 430 4695 “
454 4683 512 4748 pro
535 4661 648 4725 anima
680 4659 815 4726 Rioardi
845 4661 878 4726 lo
909 4661 1005 4744 Keu;
1044 4661 1101 4748 qui
1130 4659 1263 4746 quidem
1299 4658 1459 4726 Ri‘oardus
