3534 5726
497 775 626 824 umrsa
648 774 692 822 os
713 773 805 820 rous
827 771 1035 820 camurana
1239 755 1299 818 461

262 963 282 994 ‘⁶
300 965 370 1019 aute
390 959 529 1037 praefatas
550 961 689 1022 scientias
709 966 740 1020 et
763 961 908 1032 doctores,
933 960 964 1018 in
992 957 1090 1018 fronte
1110 959 1303 1030 tabernaculi,

261 1057 281 1086 “
301 1053 444 1129 scriptum
465 1059 531 1113 erat
556 1053 631 1114 illud
660 1053 898 1112 exhortatorium
927 1051 1116 1124 Davidicum,
1141 1049 1305 1128 juvenibus

260 1149 279 1177 “
299 1147 420 1222 regibus
446 1165 609 1224 congruum
622 1149 701 1216 3-1‘
714 1147 757 1204 Et
777 1165 865 1219 nuno,
887 1163 983 1222 reges,
1005 1144 1185 1221 intelligite;
1205 1143 1305 1202 erudi-

262 1242 279 1270 “
301 1239 406 1312 ‘mini,
422 1240 473 1316 qui
497 1238 643 1316 judicatis
666 1240 797 1299 terram!
852 1239 889 1298 In
910 1239 966 1297 hoc
988 1238 1078 1297 etiam
1104 1235 1304 1306 tabernaculo,

260 1331 419 1392 “Musica
447 1351 515 1391 cum
538 1331 645 1391 Boetia
674 1333 835 1410 practicam
865 1333 938 1390 artis
966 1351 1026 1390 suae
1046 1349 1100 1407 per
1122 1330 1306 1390 diversorum

262 1427 280 1455 ‘⁴
302 1423 565 1484 instrumentorum
585 1425 785 1484 modulamina
797 1425 1001 1502 propalabant.
1042 1423 1201 1495 Praeterea
1217 1438 1306 1498 super

262 1520 280 1550 “
302 1514 490 1576 Conductum
503 1536 587 1594 aqua
609 1518 785 1594 sphericum
799 1519 830 1576 in
845 1518 926 1576 dicto
941 1517 1008 1576 vico
1028 1516 1217 1575 exaltabatur
1237 1513 1304 1590 qui·

262 1611 281 1640 “
302 1608 369 1666 dam
382 1609 518 1669 excelsus
527 1609 654 1686 justitiae
668 1611 802 1682 thronus,
818 1609 1001 1668 admirabilis
1015 1607 1130 1670 decoris
1146 1631 1155 1677 ς
1176 1607 1207 1664 in
1221 1604 1307 1682 cujus

263 1703 281 1732 “
301 1701 398 1760 medio
415 1702 565 1762 residebat
578 1704 730 1780 speciosus
749 1702 872 1780 juvenis
884 1702 1035 1778 regalibus
1049 1700 1180 1772 indutus,
1195 1699 1307 1758 habens

263 1795 282 1824 “
303 1792 359 1850 sibi
387 1794 425 1855 ad
452 1793 575 1853 tutelam
607 1794 766 1854 Dominam
799 1793 1037 1854 Misericordiam
1065 1793 1096 1852 in
1124 1791 1248 1864 dextris,
1277 1798 1308 1849 et

263 1887 283 1928 l‘
302 1884 461 1944 Dominam
468 1886 637 1947 Veritatem
649 1887 681 1946 in
695 1886 833 1961 sinistris,
849 1887 1030 1957 assistentes,
1044 1885 1204 1944 Dominam
1218 1883 1308 1942 etiam

264 1977 500 2038 “Clementiam
522 1980 648 2056 desuper
671 1980 802 2039 brachiis
833 1981 894 2038 suis
926 1979 1145 2056 amplexantem
1167 1983 1199 2036 et
1219 1977 1306 2034 robo-

262 2074 279 2103 “
300 2078 415 2131 rentem
442 2073 583 2132 thronum
617 2073 811 2146 antedictum,
836 2072 929 2148 juxta
963 2071 1037 2130 illud
1064 2069 1308 2148 proverbium,-

264 2167 282 2195 “
303 2165 333 2202 ²⁶
346 2163 555 2224 Misericordia
575 2171 606 2226 et
628 2166 740 2224 veritas
762 2165 934 2225 custodiunt
957 2163 1080 2240 Regem,
1096 2169 1127 2222 et
1147 2161 1308 2222 clementia

223 2297 231 2312 .
264 2259 281 2287 “
303 2256 480 2318 ‘roboratur
500 2258 624 2320 throum
644 2257 729 2333 ejus!
770 2257 877 2317 Coram
892 2274 963 2318 vero
981 2257 1063 2315 dicto
1082 2255 1166 2333 Rege
1187 2254 1308 2316 stabant

264 2353 282 2380 “
302 2349 377 2409 miro
411 2351 506 2423 modo,
535 2351 586 2409 sed
613 2357 712 2410 umen
734 2350 827 2428 juxta
859 2348 1097 2409 convenientiam
1122 2348 1233 2425 gradus
1259 2347 1307 2406 sui

264 2445 282 2473 ‘⁴
303 2440 442 2502 nobiliter
455 2443 595 2515 decorati,
610 2443 669 2502 duo
683 2462 768 2503 senes
786 2442 905 2519 judices
918 2449 949 2502 et
962 2449 1028 2502 octo
1042 2441 1215 2518 legisperiti,
1225 2439 1308 2517 judi·

265 2538 282 2565 ‘⁶
303 2535 381 2593 cium
402 2542 433 2594 et
449 2533 598 2610 justitiam
619 2537 750 2613 corporis
771 2535 886 2613 politici
907 2541 1153 2611 repr·aesentantes
1169 2551 1222 2609 per
1242 2533 1306 2592 hac

264 2631 282 2658 “
303 2628 448 2704 rescripta
460 2627 631 2698 Davidica3
651 2629 802 2688 ⁸‘Houor
815 2628 909 2706 Regis
928 2626 1077 2703 judicium
1098 2627 1216 2704 diligit’
1239 2645 1308 2684 nec·

265 2723 283 2752 “
305 2723 396 2792 uon‚⁴
411 2719 518 2793 ‘Deus
537 2720 685 2797 judicium
698 2729 783 2780 tuum
796 2721 874 2796 Regi
888 2721 933 2792 da
948 2729 979 2779 et
988 2719 1138 2796 justitiam
1151 2727 1234 2778 tuam
1247 2718 1308 2777 filio

264 2817 282 2844 “
304 2813 418 2890 ‘Regis
432 2813 449 2882 ς’
476 2815 696 2891 figurantesque
724 2813 803 2890 quod
825 2833 912 2890 reges
934 2821 966 2874 et
987 2813 1140 2890 principes
1159 2811 1258 2888 justos
1278 2816 1310 2870 et

264 2909 282 2938 “
304 2907 481 2964 scientificos
504 2907 585 2965 viros
611 2907 643 2966 in
662 2906 787 2983 judiciis
811 2905 950 2979 ferendis,
975 2907 1110 2969 consiliis
1132 2905 1308 2983 prebendis,

265 3001 283 3030 ‘⁴
304 3005 334 3057 et
355 3000 443 3058 rebus
464 2999 591 3075 publicis
614 3000 826 3077 gubernandis,
850 3018 965 3078 semper
979 3000 1173 3077 disponerent
1186 3007 1218 3058 et
1230 2997 1309 3060 ordi·

265 3097 284 3125 “
305 3100 419 3153 nareut.

305 3191 323 3220 ‘⁴
339 3183 569 3262 Subsequenter,
598 3205 666 3247 cum
698 3188 764 3263 ipsa
790 3187 873 3264 regia
899 3185 1039 3262 majestas
1065 3193 1149 3244 tanta
1175 3185 1309 3262 potentia

264 3284 284 3312 “
306 3280 462 3352 virtutum,
477 3281 703 3356 praeeminentia
716 3281 878 3358 sapientias,
892 3281 1043 3339 rationatu
1052 3278 1190 3356 justitia,
1204 3278 1309 3337 fulcita

265 3377 283 3404 “
303 3372 411 3448 fuerat,
435 3391 506 3432 mox
530 3373 746 3434 nobilissimum
765 3375 865 3432 vicum
884 3370 1035 3446 Civitatis,
1051 3371 1189 3448 ‘Chepe'
1204 3372 1308 3448 vulga·

264 3471 283 3498 “
303 3465 376 3524 riter
410 3473 623 3543 nuncupatum,
651 3467 832 3539 subintrans,
856 3465 1029 3525 inveniebat
1056 3483 1144 3540 super
1167 3483 1308 3541 magnum

264 3563 282 3590 ‘⁴
302 3558 508 3634 aqueductum
531 3538 892 3618 ibidem‘amoenissimum
905 3563 937 3616 et
957 3555 1188 3634 pulcherrimum
1210 3557 1309 3615 locum

264 3653 282 3682 “
302 3651 341 3708 ad
353 3652 473 3712 modum
486 3651 622 3710 Paradisi
636 3652 791 3722 consitum,
807 3649 957 3709 stellatum
969 3649 1100 3721 floribus,
1112 3655 1142 3708 et
1155 3649 1309 3707 arboribus

265 3745 283 3774 ‘⁶
304 3742 467 3802 fructiforis
480 3744 669 3816 relucentem,
679 3751 710 3806 et
723 3743 854 3802 breviter
867 3743 999 3801 omnium
1008 3759 1107 3800 rerum
1122 3741 1309 3817 speciositate

264 3838 283 3869 “
304 3837 510 3912 conspicuum
531 3855 570 3895 ex
591 3833 676 3912 cru'us
695 3836 788 3896 latero
807 3835 970 3911 Aquilonis
991 3835 1023 3892 in
1047 3833 1201 3894 civitatem
1213 3834 1308 3911 Regis

265 3933 283 3960 “
305 3929 404 4006 magni
423 3927 522 3988 fontes
547 3929 728 3988 vivacissimi
751 3928 954 3988 scaturiebant
974 3945 1066 4004 aquas
1090 3926 1308 3986 architriclinas

264 4027 284 4056 ‘⁸
305 4021 336 4080 in
351 4022 454 4080 vinum
468 4039 635 4095 conversas,
649 4022 701 4098 qui
715 4029 822 4098 gustus
840 4021 939 4098 regios
951 4027 1020 4099 post
1032 4027 1147 4080 tautam
1161 4020 1307 4080 virtutum

266 4119 284 4148 “
305 4115 494 4193 adoptionem
514 4115 621 4174 merito
644 4121 784 4191 poterant
805 4132 949 4176 recreare.

304 4211 322 4239 “
336 4207 373 4266 In
386 4209 444 4267 hoo
457 4208 579 4285 insuper
600 4207 665 4266 loco
679 4207 724 4266 illi
739 4208 797 4268 duo
816 4207 1020 4285 predestinati
1035 4207 1116 4268 cives
1138 4211 1308 4266 sanctorum

264 4304 283 4334 “
304 4307 335 4360 at
355 4301 509 4362 domestici
529 4301 597 4375 Dei,
622 4299 740 4375 Ennok,
762 4301 886 4373 scilicet,
907 4307 938 4362 ct
961 4300 1044 4378 lily,l
1068 4299 1309 4379 congratulantes

296 4541 432 4598 'Proluit
448 4551 484 4596 1⁰.
844 4541 1030 4596 *Pmlnlnit
1043 4547 1064 4597 1.

295 4623 436 4677 ’Prooerba
447 4641 491 4676 xx.
503 4631 543 4681 28.
842 4625 852 4655 ⁸
864 4625 984 4690 Meauing
995 4631 1003 4654 ⁴
1013 4623 1104 4677 Elius)

297 4703 401 4756 ’Paulus
413 4705 481 4756 xcix.
491 4709 515 4756 l.
