3456 5734
351 774 526 826 nxnnncrs
550 773 643 824 neom
665 773 736 826 nnn
758 773 861 823 monn
882 771 1185 825 nmonnnoonom
1242 761 1304 824 441

263 972 281 999 “
303 965 444 1050 reperies
469 963 509 1028 de
531 983 658 1050 grossos
679 963 803 1048 pelotes
825 963 867 1028 de
897 984 957 1049 poe
978 962 1057 1029 serir
1078 985 1120 1028 en
1149 987 1240 1051 prees
1263 966 1308 1030 du

262 1075 279 1102 “
301 1067 425 1154 poeple‚
449 1065 556 1131 dount
577 1065 728 1152 plueoure
743 1086 845 1129 meux
859 1087 920 1152 por
934 1085 988 1130 ees
1002 1071 1164 1152 purrount
1186 1066 1310 1146 evenis,

262 1175 280 1205 “
305 1193 344 1255 qe
360 1169 449 1234 Dieu
472 1168 600 1246 defend,
634 1168 842 1233 comandoms
873 1173 908 1232 et
941 1166 1130 1234 defendome
1162 1169 1228 1254 [de]
1254 1193 1312 1256 per

262 1281 281 1306 “
303 1269 334 1337 le
358 1271 431 1352 Roi,
447 1293 504 1337 eur
526 1271 622 1358 peine
636 1270 931 1356 denprieonement,
947 1269 1017 1336 tien
1036 1270 1095 1355 jeu
1119 1293 1194 1336 ueer
1216 1272 1312 1337 deinz

262 1383 281 1409 “
302 1373 336 1438 le
359 1373 434 1440 Gite
470 1374 582 1438 deeore
605 1377 771 1439 enavent:
807 1377 841 1438 et
870 1393 910 1459 qe
932 1378 1010 1438 touz
1032 1373 1080 1438 les
1110 1374 1207 1460 poinz
1229 1375 1313 1440 criez

264 1485 283 1510 ‘¹
306 1475 395 1540 enin
417 1475 488 1540 dite
504 1474 579 1542 Cito
601 1475 765 1554 concione,
782 1495 845 1560 pur
859 1474 893 1539 le
912 1495 970 1561 pes
993 1479 1102 1542 nostre
1118 1474 1261 1563 Seignur
1282 1477 1313 1542 le

265 1585 284 1612 “
307 1577 370 1642 Roi
391 1576 515 1663 gender,
531 1576 637 1642 soient
657 1574 735 1640 bien
757 1581 792 1641 et
813 1576 1007 1642 fermement
1028 1575 1148 1664 gerdez
1171 1578 1213 1644 de
1234 1577 1313 1664 jour

263 1688 281 1714 “
303 1684 339 1746 et
360 1677 402 1748 de
423 1683 538 1764 nupto,
562 1700 619 1742 sur
632 1663 664 1742 le
678 1677 760 1764 peril
784 1700 823 1764 qe
838 1676 989 1764 eppent.”

383 2005 433 2072 De
457 2003 685 2072 ordinatione
698 2002 824 2072 Primo
844 2006 1185 2094 Gordeweotootoouott.
1355 2028 1450 2076 lemn

311 2169 379 2234 N
381 2169 511 2235 ovennt
524 2167 670 2233 universi
671 2189 838 2254 ,praesens
852 2169 1010 2256 scriptum
1025 2169 1129 2234 visun
1120 2169 1198 2235 vel
1221 2171 1313 2236 nudi·
1326 2197 1430 2293 opium
1383 2211 1474 2295 Ἕω

264 2282 283 2310 “
304 2274 380 2351 turi,
398 2272 486 2359 quod
500 2271 571 2337 haeo
594 2276 672 2336 eunt
687 2269 891 2336 Provieionee
913 2275 948 2336 et
964 2270 1100 2338 Statute
1122 2294 1195 2359 quoe
1217 2251 1398 2362 probi⁰⁰
1325 2249 1386 2343 vni
1369 2249 1466 2345 neerd

264 2385 284 2412 “
306 2375 454 2454 homines
470 2374 509 2439 de
518 2372 692 2438 Auum-iis
704 2372 949 2438 Londoniornm
963 2379 1152 2440 statuerunt
1167 2396 1224 2440 seu
1239 2398 1363 2462 pro·
1302 2353 1407 2456 -ht'tt
1416 2403 1463 2447 111.

265 2487 284 2514 “
306 2477 472 2556 viderunt,
481 2497 568 2540 enno
580 2496 673 2561 regm
663 2475 785 2561 Regio
795 2474 941 2554 Henrici,
956 2475 1017 2540 filii
1030 2476 1128 2564 Regis
1142 2477 1166 2542 J
1168 2476 1313 2558 ohonnie,
1351 2477 1416 2525 Μ
1424 2480 1447 2523 ¹³·

265 2590 282 2616 ‘⁴
305 2579 689 2666 quinquagesimosextO,
717 2577 757 2642 de
773 2598 931 2643 consensu
945 2582 980 2642 et
992 2577 1163 2645 voluntate
1179 2581 1313 2646 Domini

266 2693 282 2718 “
307 2682 445 2747 Woltem’
483 2679 597 2756 Herti,
629 2685 710 2745 tuno
740 2679 874 2765 Majoris
898 2679 1151 2760 Londonierum‚
1181 2689 1313 2749 cetero-

265 2795 282 2821 “
305 2805 442 2871 rumque
458 2784 625 2848 Beronum
640 2781 785 2867 ejusdem
802 2781 965 2860 civitatis,
988 2783 1030 2848 ad
1052 2785 1314 2852 emendationem

267 2898 283 2924 “
306 2893 340 2954 et
369 2887 602 2953 relevationem
625 2885 728 2950 totius
751 2883 857 2964 officii,
880 2887 977 2951 etad
1001 2888 1204 2954 omnimodae
1225 2888 1314 2955 solei-

267 3001 283 3026 “
306 2996 391 3056 tates
413 2994 449 3055 et
470 2987 675 3074 deceptiones
697 2987 734 3051 in
756 2993 921 3074 posterum
946 2989 1188 3056 evitandas.’'-

310 3092 476 3180 Inprimis,
493 3089 644 3154 unanimi
660 3088 835 3156 voluntate
858 3096 893 3155 et
909 3113 1042 3156 assensu
1065 3093 1210 3179 ipsorum
1232 3094 1313 3159 ollu-

267 3197 434 3271 tam'orum
450 3197 616 3260 statutum
638 3197 688 3258 est
712 3193 799 3278 quod
826 3191 937 3258 nullus
960 3193 1133 3260 alluterius
1155 3197 1196 3261 de
1219 3219 1314 3283 opere

267 3298 380 3365 basani
411 3296 452 3363 de
491 3299 609 3362 coetero
639 3317 673 3360 se
709 3295 921 3372 intromittat,
952 3296 1015 3360 sub
1038 3318 1138 3382 poene
1168 3298 1314 3364 dimidiae

267 3421 384 3466 mahcae
421 3397 587 3463 solvendae
611 3417 793 3462 communae
832 3396 988 3463 Civitatis
1025 3399 1218 3484 praedictae;
1255 3424 1315 3467 nec

265 3501 455 3569 bnennerius
492 3500 533 3566 de
564 3521 659 3586 opere
682 3498 777 3564 elluti
807 3499 924 3564 amodo
955 3522 989 3565 se
1020 3501 1229 3580 intromittet,
1252 3505 1315 3568 sub

235 3637 236 3641 =
268 3605 380 3673 aedem
412 3624 510 3692 poena
541 3601 645 3667 eidem
684 3621 865 3668 communae
888 3601 1068 3684 solvende;
1106 3603 1167 3669 hoc
1204 3610 1315 3672 temon

377 3803 542 3812 „.-.-.-—---
582 3804 596 3808 -.
640 3804 646 3808 -
658 3804 677 3808 -Δ
695 3805 697 3808 .
712 3805 733 3808 ..-
773 3804 783 3808 -
796 3805 798 3808 -
811 3805 819 3808 -
853 3803 944 3809 ----—-—
954 3805 984 3809 --
1032 3806 1076 3811 -—-
1132 3808 1282 3814 .—.-.....-...

269 3949 288 3979 “
308 3945 422 4004 certain
444 3931 569 4001 tu'mults
597 3941 711 4018 mining
741 3939 817 3999 from
839 3943 890 4000 the
919 3941 1050 4020 striking
1075 3941 1109 4000 of
1133 3951 1219 4020 great
1239 3945 1314 4006 foot-

271 4043 290 4072 “
311 4037 388 4096 holle
415 4036 446 4094 in
468 4035 519 4094 the
545 4034 630 4093 fielde
651 4033 687 4092 of
702 4033 754 4093 the
775 4034 885 4112 public,
907 4035 983 4094 from
1002 4035 1103 4095 which
1130 4055 1219 4115 many
1240 4039 1315 4097 evils

272 4135 291 4164 “
312 4128 479 4206 perchence
492 4147 562 4204 moy
582 4127 668 4200 erice,
683 4127 784 4186 which
805 4146 873 4204 moy
888 4126 956 4187 Grod
976 4127 1082 4200 forbid,
1104 4147 1150 4187 wo
1170 4129 1208 4187 do
1234 4149 1313 4189 oom-

270 4227 288 4258 “
309 4222 398 4280 mend
418 4221 478 4279 end
499 4221 536 4278 do
557 4219 665 4294 forbid,
688 4239 726 4278 on
753 4220 806 4279 the
820 4220 930 4296 King's
950 4219 1060 4292 hoholt
1085 4239 1165 4296 upon
1185 4223 1257 4298 pain
1283 4223 1319 4283 of

269 4321 288 4350 “
310 4314 545 4391 imprisonment,
573 4312 642 4371 thet
672 4313 746 4370 such
774 4331 860 4390 geme
887 4311 964 4370 shell
991 4313 1028 4370 be
1055 4314 1204 4388 prectised
1237 4315 1313 4374 from

269 4415 287 4443 “
308 4406 484 4467 hencef01·th
505 4405 614 4464 within
628 4404 680 4464 the
701 4404 796 4482 city:
817 4405 876 4463 end
897 4405 962 4463 thet
975 4405 1014 4462 oll
1028 4405 1080 4464 the
1101 4407 1199 4482 points
1213 4407 1248 4464 of
1264 4409 1314 4466 old

268 4507 286 4534 “
308 4498 488 4579 procloimed
505 4497 537 4556 in
557 4497 609 4556 the
631 4494 695 4555 eeid
714 4496 794 4574 city,
809 4495 855 4555 for
875 4496 1004 4574 keeping
1024 4499 1076 4557 the
1096 4517 1186 4574 peace
1209 4500 1244 4558 of
1259 4519 1314 4558 our

269 4599 288 4628 ‘⁶
308 4594 390 4653 Lord
405 4592 456 4650 the
476 4589 561 4668 King
583 4589 660 4648 oholi
680 4589 718 4648 b'e
737 4589 806 4648 well
827 4589 886 4647 end
899 4589 1017 4667 strictly
1038 4590 1110 4666 kept
1120 4591 1160 4667 by
1174 4591 1232 4669 dny
1255 4593 1314 4651 end

269 4693 288 4721 “
308 4688 348 4765 by
368 4686 465 4762 night,
486 4684 581 4744 under
601 4683 653 4742 the
673 4681 750 4760 peril
769 4681 836 4740 thet
855 4681 1014 4742 thereunto
1034 4682 1195 4760 pertoins.''
