3456 5734
329 788 502 839 EXTRACTS
527 791 620 841 FROll
643 791 710 839 THE
733 789 834 839 Lilililt
856 789 1156 840 blEllORllNDORUll.
1198 774 1259 838 lbi

219 981 235 1005 “
257 971 415 1054 videant3
450 973 529 1040 dum
553 977 664 1041 tamen
686 994 752 1053 nos,
776 975 857 1041 dicti
881 974 1040 1040 Custodes
1063 979 1098 1040 et
1122 973 1260 1050 Fratres,

218 1084 233 1108 “
257 1081 291 1141 et
313 1095 508 1144 successores
530 1078 633 1143 nostri
666 1078 723 1164 qui
756 1097 815 1165 pro
847 1083 993 1165 tempore
1026 1076 1156 1152 fuerint,
1179 1095 1260 1164 prra-

218 1187 233 1212 “
256 1179 445 1246 muniamur
467 1201 570 1246 unum
593 1201 716 1246 annum
739 1186 815 1247 anto
838 1201 933 1246 suum
956 1179 1129 1256 damasum,
1144 1182 1179 1244 et
1201 1177 1262 1244 hoc

216 1289 232 1315 “
255 1281 291 1346 in
325 1281 449 1370 Vigilia
489 1281 602 1349 Sancti
635 1283 810 1349 Michaelis.
868 1283 1031 1363 Quoniam
1069 1285 1190 1347 extunc
1225 1279 1261 1344 in

216 1393 231 1418 “
255 1389 360 1462 antea,
376 1391 508 1473 propter
529 1385 781 1474 resignationem
804 1385 1052 1474 praemissorum,
1067 1405 1142 1450 cum
1164 1383 1261 1448 modo

217 1495 232 1520 ¹‘
255 1488 410 1573 praedicto
444 1487 567 1554 fuerint
604 1489 778 1576 resigriata,
821 1511 889 1568 nos,
921 1489 1002 1554 dicti
1035 1485 1194 1554 &stodes
1226 1489 1260 1552 et

217 1599 232 1624 “
257 1589 395 1668 Fratres,
419 1613 477 1677 pro
499 1592 593 1658 nobis
627 1597 661 1656 et
693 1591 927 1658 successoribus
958 1590 1088 1668 nostris,
1111 1587 1259 1654 dedimus

216 1701 231 1726 ¹⁴
254 1698 289 1758 et
309 1694 531 1771 concessimus,
554 1699 589 1760 et
621 1693 776 1782 praesenti
810 1695 931 1780 scripto
953 1698 1065 1760 nostro
1088 1692 1257 1759 confirma-

216 1804 231 1828 “
254 1796 371 1874 rimus,
394 1795 492 1863 dictis
516 1796 660 1864 Henrico
682 1801 717 1862 et
740 1796 898 1877 leubellae,
923 1795 1030 1883 quoad
1052 1793 1209 1872 vixerint,
1224 1799 1259 1860 et

216 1907 233 1932 “
256 1917 366 1964 eorum
400 1899 498 1966 alteri
530 1900 587 1987 qui
621 1899 747 1966 diutius
780 1899 911 1979 vixerit,
946 1897 1109 1986 quandam
1141 1897 1257 1962 libera

216 2009 231 2034 ¹‘
254 2001 376 2068 tionem
399 2001 442 2067 ad
467 2002 598 2068 domum
622 2003 821 2091 praedictam,
845 2024 903 2090 per
925 2023 960 2068 ee
982 2021 1039 2068 seu
1062 2021 1120 2089 per
1142 2017 1254 2067 eorum

213 2113 229 2138 “
253 2107 457 2170 attornatum
480 2105 618 2194 singulis
642 2106 756 2172 diebus
779 2103 1002 2183 obtinendam,
1017 2109 1052 2170 et
1067 2099 1076 2140 ¹
1090 2103 1179 2169 horis
1202 2103 1256 2170 de-

214 2215 229 2239 “
251 2203 329 2272 bitis
361 2211 395 2274 et
418 2209 580 2274 consuetis
603 2207 727 2274 ibidem
753 2207 970 2294 quarendum,
994 2211 1028 2271 et
1059 2223 1123 2292 qno
1145 2204 1256 2272 volue-

213 2317 230 2342 “
252 2307 319 2376 rint
341 2313 437 2376 extra
458 2307 581 2377 limites
604 2312 719 2377 domus
742 2309 908 2398 pradictus
941 2305 1123 2374 liberaliter
1144 2329 1254 2396 asper·

214 2419 229 2446 “
252 2413 395 2492 tandm,
411 2411 472 2480 snb
495 2413 557 2479 hue
579 2413 701 2496 forma3
723 2411 887 2492 videlicet,
910 2411 1029 2479 cotidie
1052 2411 1134 2478 duos
1156 2429 1256 2499 panes

215 2523 231 2550 “
253 2513 351 2594 albos,
383 2515 529 2603 quolibet
560 2537 672 2583 eorum
706 2515 909 2604 ponderante
947 2515 1188 2604 quinquaginta
1222 2519 1257 2580 et

213 2625 228 2650 ‘¹
251 2637 309 2683 sex
331 2619 451 2684 solidos
474 2619 713 2706 sterlingorum,
736 2635 804 2686 una
836 2637 909 2686 cum
933 2617 1061 2684 duobus
1084 2615 1256 2705 galonibus

213 2727 229 2754 ‘¹
251 2715 392 2786 melioris
415 2721 567 2800 cervisiae,
585 2743 642 2809 per
664 2741 850 2788 mensuram
873 2722 996 2809 regiam
1010 2720 1152 2787 fideliter
1166 2741 1256 2787 men-

213 2829 229 2856 “
252 2823 389 2901 auratis3
412 2823 530 2910 quibus
554 2845 637 2912 pane
660 2831 695 2891 et
716 2824 853 2891 cervisia
876 2821 1048 2912 Capeliani
1070 2827 1104 2890 et
1127 2821 1258 2891 Fratres

213 2931 229 2959 “
251 2929 392 2992 utuntur
415 2927 457 2992 ad
486 2927 683 3015 superiorem
706 2947 854 2994 mensam
877 2923 992 2994 domus
1015 2925 1180 3016 praedictre
1191 2947 1200 3006 3
1223 2935 1258 2994 et

212 3035 229 3064 “
250 3046 354 3094 unum
377 3027 525 3116 galonem
548 3029 693 3098 cervisia
711 3029 815 3117 juxta
837 3028 1013 3108 meliorem,
1036 3048 1094 3116 per
1115 3027 1250 3117 pradic-

213 3139 228 3166 “
252 3137 319 3198 tam
335 3149 528 3211 mensuram,
544 3151 609 3220 qua
623 3131 733 3200 utitur
760 3133 864 3200 libera
887 3131 1014 3199 familia
1029 3131 1125 3198 dictas
1142 3131 1256 3198 domus

213 3243 229 3270 “
252 3231 294 3301 ad
323 3253 468 3302 mensam
498 3235 695 3319 secamdam3
725 3237 759 3302 et
789 3253 893 3302 unum
921 3233 1079 3303 ferculum
1109 3233 1256 3322 coquinae

209 3343 225 3372 “
248 3335 345 3406 dictae
376 3339 500 3419 domus,
531 3339 571 3406 de
595 3335 742 3427 quolibet
767 3359 884 3428 genere
922 3338 1053 3427 prandii
1077 3336 1113 3403 in
1139 3337 1251 3404 eadem

210 3447 225 3476 ‘⁸
249 3441 394 3520 coniecti,
424 3443 522 3530 prout
551 3445 681 3530 tempus
711 3441 897 3525 desiderat3
931 3441 1011 3507 adeo
1040 3439 1149 3518 libere,
1183 3439 1253 3528 ple·
1288 3469 1392 3526 mgb,

105 3573 108 3580 ·
210 3551 226 3579 “
249 3541 346 3622 narie,
370 3543 433 3632 [et]
457 3545 592 3634 integre,
607 3545 725 3614 cotidie
747 3544 811 3612 sibi
830 3541 1043 3623 liberandum,
1065 3563 1140 3610 cum
1162 3549 1255 3632 pota

209 3655 225 3682 “
247 3645 309 3734 gio,
346 3653 385 3713 nt
422 3646 616 3715 liberabitur
653 3645 780 3715 duobus
819 3645 1012 3736 Capelianis,
1036 3663 1094 3712 san
1124 3645 1253 3714 dnobus

210 3759 226 3784 “
250 3747 428 3831 Fratribus,
445 3747 543 3819 dictae
558 3747 683 3830 domus,
703 3749 745 3819 ad
768 3753 965 3840 superiorem
985 3769 1130 3818 mensam
1152 3749 1250 3816 simul

210 3861 225 3886 ‘¹
249 3849 513 3938 comedentibns;
536 3872 603 3922 una
624 3875 698 3922 cnm
714 3853 854 3942 quodam
869 3851 991 3920 ferculo
1006 3855 1104 3920 unius
1126 3855 1253 3941 generis

210 3964 226 3990 ‘¹
250 3955 385 4043 prandii,
408 3963 442 4023 et
464 3958 597 4046 pottagio
621 3957 718 4024 dictae
741 3955 888 4045 coquinae
910 3953 1047 4043 singulis
1069 3953 1192 4034 diebus,
1213 3963 1254 4023 ut

210 4067 225 4092 “
247 4055 440 4125 liberabitur
454 4059 552 4126 alicui
566 4060 668 4126 libero
683 4061 839 4127 servienti
854 4059 897 4126 ad
920 4057 1094 4126 secundam
1108 4077 1252 4125 mensum

210 4169 225 4194 ‘⁴
249 4154 344 4227 diotre
375 4158 490 4228 domus
520 4164 710 4230 comedenti
772 4159 818 4229 Et
847 4160 1021 4229 dimidium
1052 4157 1252 4250 quarterium

209 4271 224 4298 “
247 4257 412 4344 frumenti,
437 4269 470 4332 et
493 4263 667 4332 dimidium
690 4261 892 4354 quarterium
915 4262 1064 4354 siliginis,
1079 4263 1251 4332 annuatim

210 4375 225 4401 ‘¹
249 4361 288 4434 de
311 4367 473 4434 sexdecim
496 4366 685 4457 septimanis
708 4371 744 4435 in
768 4365 930 4437 sexdecim
953 4369 1150 4457 septimanas
1179 4389 1252 4456 per-

209 4471 224 4504 “
248 4466 398 4559 cipianda
427 4467 469 4537 ad
502 4474 670 4561 grangiam
705 4471 820 4539 domus
854 4467 1028 4561 pradictae,
1054 4470 1101 4538 de·
1127 4467 1252 4538 meliori

311 4779 317 4813 ¹
330 4775 440 4834 Written
460 4779 556 4835 “tortu
574 4777 666 4836 debitur
676 4774 691 4812 ¹⁵
702 4783 729 4835 in
741 4779 783 4837 tire
794 4781 910 4851 original,
923 4783 956 4850 by
968 4777 1149 4835 inadvertence.

1006 4882 1027 4928 r
1051 4881 1071 4928 r
1095 4867 1115 4928 2
