3534 5726
462 753 527 816 452
860 767 1037 816 sensuum
1061 767 1112 838 rr,

461 950 478 976 ⁴¹
499 940 596 1006 blado
627 946 788 1006 crescente
820 963 918 1029 snper
951 947 1053 1008 terras
1082 940 1125 1005 ad
1149 939 1282 1010 domum
1310 939 1502 1027 praedictam

462 1051 478 1077 “
501 1043 723 1130 pertinentes3
752 1039 809 1110 seu
843 1043 884 1109 de
905 1043 986 1108 adeo
1017 1043 1103 1108 bone
1136 1039 1234 1106 bledo
1267 1041 1308 1107 de
1330 1042 1504 1128 emptione,

463 1155 479 1179 “
503 1165 577 1210 cum
608 1145 739 1233 propria
768 1145 865 1210 blada
895 1145 1069 1211 earundem
1093 1149 1253 1208 terrarum
1276 1144 1359 1210 ferte
1380 1143 1505 1209 defece-

463 1255 479 1280 “
501 1247 577 1324 rint,
601 1248 687 1333 qued
710 1247 817 1328 ebsit3
840 1269 1003 1312 unacum
1025 1246 1189 1324 stramine,
1203 1243 1442 1311 rationabiliter
1463 1245 1505 1309 ed

463 1358 479 1382 ‘⁶
501 1349 622 1419 lectum
639 1350 801 1415 dictorum
816 1349 953 1415 Henriei
975 1354 1011 1414 et
1030 1347 1186 1425 Isabellae,
1209 1353 1243 1412 et
1264 1347 1386 1412 lectum
1407 1345 1506 1412 unius

463 1451 673 1517 “servientis
696 1475 816 1529 eorum,
839 1475 913 1516 eum
935 1452 1011 1518 inde
1036 1474 1163 1517 neccsse
1189 1449 1364 1516 habuerint
1390 1456 1424 1516 et
1446 1449 1506 1515 hec

463 1558 611 1640 “petere
637 1554 808 1631 voluerint,
831 1554 894 1619 sibi
917 1553 1108 1634 libersnde;
1137 1558 1172 1620 et
1202 1552 1304 1618 libere
1332 1553 1505 1617 introitum

464 1667 479 1690 “
503 1662 537 1722 et
559 1657 686 1722 exitum
709 1657 809 1722 eundi
832 1661 867 1721 et
888 1656 1046 1726 redeundi
1067 1656 1154 1720 infra
1176 1655 1321 1721 clausum
1341 1655 1506 1742 praedictae

463 1768 478 1793 “
503 1759 626 1836 demus,
649 1765 684 1825 et
712 1764 814 1837 extre,
840 1781 899 1847 pro
921 1759 1095 1846 praemissis
1123 1758 1306 1844 quaerendis
1334 1765 1369 1823 et
1398 1779 1507 1844 esper-

464 1870 479 1893 “
502 1861 613 1925 tendis
627 1861 804 1927 secundum
822 1861 958 1926 formam
980 1864 1212 1939 1nemeratam3
1234 1882 1302 1924 une
1316 1882 1391 1924 cum
1413 1859 1507 1924 cisia

464 1971 480 1996 “
503 1968 613 2028 mento
635 1963 705 2027 kaii
728 1962 825 2028 dictae
848 1963 971 2040 domus,
995 1961 1038 2026 ad
1059 1984 1170 2027 eorum
1193 1983 1245 2027 res
1260 1963 1414 2048 proprias,
1431 1983 1505 2026 cum

465 2073 481 2097 “
502 2086 630 2130 necesse
645 2062 828 2140 habuerint,
849 2062 1017 2140 eisiandas,
1033 2063 1207 2128 carcandes
1226 2068 1260 2128 et
1276 2063 1508 2139 discareandes,

465 2174 481 2199 “
504 2167 679 2252 portandas
694 2172 729 2232 et
743 2167 962 2254 asportandos,
983 2172 1052 2230 tam
1075 2167 1161 2232 infre
1183 2189 1281 2252 quam
1304 2171 1400 2232 extra
1421 2165 1508 2230 clau-

464 2278 481 2302 “
503 2291 576 2334 sum
598 2269 829 2356 supradictum.
875 2269 921 2334 Et
943 2291 1002 2334 nes
1023 2268 1104 2335 dicti
1129 2267 1289 2335 Custodes
1311 2274 1346 2334 et
1368 2267 1509 2346 Fratres,

463 2377 480 2406 “
503 2378 538 2436 et
559 2393 754 2436 successores
769 2371 880 2449 nostri,
903 2371 1000 2436 dietis
1016 2370 1162 2436 Henrice
1177 2374 1211 2436 et
1233 2369 1383 2436 Isabellae
1402 2371 1508 2457 quood

342 2501 347 2511 ·
392 2481 425 2513 ὦ
464 2483 481 2508 “
503 2473 657 2552 vixerint,
683 2478 718 2539 et
746 2495 858 2539 eorum
888 2473 983 2538 alteri
1014 2473 1071 2558 qui
1095 2472 1221 2538 diutius
1244 2471 1375 2550 vixerit,
1398 2470 1509 2536 emnia

463 2584 479 2610 “
502 2581 536 2640 et
567 2576 696 2662 singula
730 2576 897 2663 praemisss
928 2581 1041 2641 centra
1072 2597 1182 2641 omnes
1212 2579 1326 2660 gentes
1352 2575 1508 2640 waranti-

463 2687 479 2712 “
503 2677 657 2756 zabimus,
695 2677 915 2755 defendemus,
954 2682 988 2742 et
1021 2675 1290 2763 acquietabimus,
1327 2676 1508 2742 secundum

462 2789 478 2814 “
500 2779 637 2846 formam
652 2779 861 2846 antedictam.
897 2777 960 2844 Pre
978 2779 1039 2844 hae
1054 2784 1165 2844 autem
1181 2779 1365 2858 donatione,
1381 2801 1510 2844 eonces-

462 2891 478 2917 “
501 2883 599 2960 sione,
622 2882 788 2960 warentia,
812 2881 1007 2959 defensione,
1027 2882 1258 2967 acquietencia,
1281 2886 1316 2947 et
1337 2881 1508 2970 praesentis

462 2984 614 3071 “scripti
645 2984 750 3049 nostri
791 2984 1043 3062 confirmatione,
1089 2983 1252 3052 dederunt
1290 2983 1386 3050 nohis
1425 2983 1507 3050 dicti

462 3096 477 3120 “
502 3085 667 3152 Henrieus
688 3092 723 3152 et
746 3085 895 3164 Isabella,
924 3086 967 3151 ad
990 3085 1172 3152 utilitatem
1195 3087 1293 3153 dictae
1316 3087 1442 3165 demus,
1473 3091 1509 3152 et

462 3197 478 3222 “
502 3188 617 3257 Pontis
640 3188 790 3276 praedieti
812 3189 1095 3268 sustentationem,
1122 3195 1255 3255 centum
1278 3211 1402 3256 marces
1426 3195 1509 3255 ster·

463 3301 479 3326 “
501 3291 673 3380 lingerum.
732 3291 776 3357 Et
810 3297 849 3358 ut
882 3292 992 3358 emnia
1021 3299 1056 3359 et
1084 3291 1213 3380 singula
1243 3293 1410 3380 praemisse
1435 3298 1508 3358 reta

464 3405 479 3429 “
503 3395 571 3460 sint
593 3401 627 3460 et
649 3395 787 3472 stabilia,
810 3399 849 3459 ut
871 3395 1020 3483 superius
1042 3401 1093 3461 est
1114 3416 1312 3482 expressum,
1341 3417 1400 3461 nos
1426 3396 1507 3460 dicti

464 3507 479 3532 “
504 3497 622 3562 Custos
645 3503 678 3562 et
702 3497 832 3562 Fratres
855 3519 1025 3563 commune
1045 3497 1189 3584 sigillum
1213 3497 1326 3563 Pontis
1347 3497 1507 3586 predicti,
1636 3561 1642 3572 ,

463 3610 479 3634 “
503 3622 569 3664 una
594 3621 669 3664 eum
696 3599 803 3686 sigillo
833 3598 1014 3685 Majeratus
1045 3598 1287 3665 Lendeniarum
1317 3600 1394 3664 huic
1427 3623 1508 3688 pree-

463 3702 588 3766 “senti
619 3702 749 3787 scripte,
782 3723 840 3788 pre
874 3701 991 3786 majori
1015 3702 1200 3779 securitate,
1227 3701 1383 3766 duxirnus
1407 3724 1509 3790 appe·

463 3814 478 3838 “
501 3803 653 3871 nendum.
701 3803 778 3868 Hiis
799 3802 950 3884 testibus,
973 3803 1125 3869 Jehanne
1149 3803 1254 3881 Hern,
1277 3803 1443 3870 Willelmo
1467 3805 1508 3870 de

463 3916 478 3940 “
501 3905 661 3985 Durham,
686 3904 831 3970 Henrice
854 3905 894 3970 de
916 3905 1090 3986 Ceventre,
1113 3904 1265 3993 Philippo
1287 3906 1317 3972 le
1336 3905 1508 3985 Teverner,

462 4018 478 4042 “
502 4007 628 4074 Thema
650 4005 690 4072 de
714 4007 896 4094 Basyngge,
920 4007 1066 4074 Walters
1089 4007 1119 4072 le
1142 4007 1267 4086 Petere,
1295 4007 1440 4073 Henrice
1466 4009 1508 4074 de

463 4119 479 4143 ¹‘
503 4109 664 4187 Frewike,
688 4109 786 4174 Petro
811 4110 851 4175 de
875 4107 1099 4186 Edelmetene‚
1122 4109 1289 4182 Weimare
1311 4108 1352 4176 de
1374 4109 1508 4190 Essexe,

463 4221 478 4245 “
501 4211 716 4286 Jehannede
739 4210 923 4289 Blakeneie,
954 4210 1120 4278 Willelme
1147 4211 1187 4276 de
1211 4211 1412 4290 Hadestoke,
1444 4215 1508 4280 Re

462 4323 477 4347 ‘⁴
501 4313 595 4380 berte
629 4314 670 4380 de
704 4312 920 4391 Meldeborne,
958 4311 1091 4380 Simone
1129 4313 1169 4379 de
1207 4312 1409 4393 Hadesteke,
1441 4315 1505 4382 Ra-

462 4425 478 4449 “
501 4415 625 4504 dulphe
654 4415 685 4481 le
707 4415 847 4496 Bleund,
878 4415 1031 4482 Johanne
1054 4416 1093 4482 de
1120 4415 1394 4506 Nerthamptone,
1426 4425 1506 4486 tunc

336 4559 341 4568 -
461 4526 477 4552 ‘¹
499 4517 731 4584 Aldermeunis
757 4518 854 4584 dictae
884 4517 1049 4596 Civitatis,
1072 4523 1106 4584 et
1129 4519 1212 4584 aliis.
1271 4521 1394 4586 Actum
1421 4521 1508 4588 Len·

461 4627 477 4652 “
500 4619 614 4698 doniis,
637 4621 689 4686 die
713 4619 887 4685 Dominice
916 4620 953 4685 in
979 4619 1077 4686 Festo
1112 4621 1355 4709 Assumptienis
1393 4623 1505 4692 Beetae

461 4727 477 4754 “
501 4721 615 4788 Mariee
637 4723 783 4810 Virginis
810 4723 867 4810 [15
890 4723 1046 4810 August}
1072 4745 1158 4789 anne
1185 4723 1309 4790 Gratiae
1332 4724 1504 4794 millesime
