<?xml version="1.0" encoding="UTF-8"?>
<!DOCTYPE html PUBLIC "-//W3C//DTD XHTML 1.0 Transitional//EN"
    "http://www.w3.org/TR/xhtml1/DTD/xhtml1-transitional.dtd">
<html xmlns="http://www.w3.org/1999/xhtml" xml:lang="en" lang="en">
 <head>
  <title>
</title>
<meta http-equiv="Content-Type" content="text/html;charset=utf-8" />
  <meta name='ocr-system' content='tesseract 3.04.00' />
  <meta name='ocr-capabilities' content='ocr_page ocr_carea ocr_par ocr_line ocrx_word'/>
</head>
<body>
  <div class='ocr_page' id='page_1' title='image "./munimentagildha06librgoog/munimentagildha06librgoog_0486.png"; bbox 0 0 3534 5726; ppageno 0'>
   <div class='ocr_carea' id='block_1_1' title="bbox 470 737 1140 804">
    <p class='ocr_par' dir='ltr' id='par_1_1' title="bbox 470 737 1140 804">
     <span class='ocr_line' id='line_1_1' title="bbox 470 737 1140 804; baseline -0.006 -2"><span class='ocrx_word' id='word_1_1' title='bbox 470 737 533 804; x_wconf 70' lang='lat' dir='ltr'>lut</span> <span class='ocrx_word' id='word_1_2' title='bbox 891 751 1066 800; x_wconf 81' lang='lat' dir='ltr'>serenum</span> <span class='ocrx_word' id='word_1_3' title='bbox 1091 751 1140 798; x_wconf 87' lang='lat'>111.</span> 
     </span>
    </p>
   </div>
   <div class='ocr_carea' id='block_1_2' title="bbox 470 933 1514 1295">
    <p class='ocr_par' dir='ltr' id='par_1_2' title="bbox 470 933 1514 1295">
     <span class='ocr_line' id='line_1_2' title="bbox 470 933 1514 1014; baseline -0.006 -17"><span class='ocrx_word' id='word_1_4' title='bbox 470 945 487 971; x_wconf 74' lang='lat'>‘¹</span> <span class='ocrx_word' id='word_1_5' title='bbox 508 940 545 997; x_wconf 91' lang='lat' dir='ltr'>de</span> <span class='ocrx_word' id='word_1_6' title='bbox 570 940 645 996; x_wconf 89' lang='lat' dir='ltr'>tanti</span> <span class='ocrx_word' id='word_1_7' title='bbox 659 939 751 1014; x_wconf 79' lang='lat' dir='ltr'>Regis</span> <span class='ocrx_word' id='word_1_8' title='bbox 770 938 908 1010; x_wconf 87' lang='lat' dir='ltr'>adventu,</span> <span class='ocrx_word' id='word_1_9' title='bbox 933 934 1078 1012; x_wconf 84' lang='lat' dir='ltr'>portantis</span> <span class='ocrx_word' id='word_1_10' title='bbox 1102 935 1205 1007; x_wconf 84' lang='lat' dir='ltr'>facem,</span> <span class='ocrx_word' id='word_1_11' title='bbox 1227 933 1424 993; x_wconf 82' lang='lat' dir='ltr'>illuminantis</span> <span class='ocrx_word' id='word_1_12' title='bbox 1445 953 1514 1010; x_wconf 88' lang='lat' dir='ltr'>pro·</span> 
     </span>
     <span class='ocr_line' id='line_1_3' title="bbox 470 1027 1514 1107; baseline -0.005 -18"><span class='ocrx_word' id='word_1_13' title='bbox 470 1037 487 1064; x_wconf 87' lang='lat'><strong>“</strong></span> <span class='ocrx_word' id='word_1_14' title='bbox 508 1033 611 1107; x_wconf 90' lang='lat' dir='ltr'>priam,</span> <span class='ocrx_word' id='word_1_15' title='bbox 635 1039 666 1089; x_wconf 87' lang='lat' dir='ltr'>et</span> <span class='ocrx_word' id='word_1_16' title='bbox 685 1029 783 1088; x_wconf 86' lang='lat' dir='ltr'>dantis</span> <span class='ocrx_word' id='word_1_17' title='bbox 806 1046 910 1106; x_wconf 88' lang='lat' dir='ltr'>pacem</span> <span class='ocrx_word' id='word_1_18' title='bbox 931 1029 1080 1104; x_wconf 84' lang='lat' dir='ltr'>gentibus,</span> <span class='ocrx_word' id='word_1_19' title='bbox 1095 1034 1133 1100; x_wconf 88' lang='lat' dir='ltr'>et,</span> <span class='ocrx_word' id='word_1_20' title='bbox 1151 1028 1237 1104; x_wconf 90' lang='lat' dir='ltr'>quasi</span> <span class='ocrx_word' id='word_1_21' title='bbox 1256 1027 1457 1086; x_wconf 69' lang='lat' dir='ltr'>desiderantes</span> <span class='ocrx_word' id='word_1_22' title='bbox 1481 1033 1514 1085; x_wconf 90' lang='lat' dir='ltr'>et</span> 
     </span>
     <span class='ocr_line' id='line_1_4' title="bbox 471 1122 1512 1203; baseline -0.004 -21"><span class='ocrx_word' id='word_1_23' title='bbox 471 1129 702 1203; x_wconf 82' lang='lat' dir='ltr'>“expectantes</span> <span class='ocrx_word' id='word_1_24' title='bbox 726 1123 822 1200; x_wconf 88' lang='lat' dir='ltr'>ipsum</span> <span class='ocrx_word' id='word_1_25' title='bbox 846 1122 980 1181; x_wconf 81' lang='lat' dir='ltr'>futurum</span> <span class='ocrx_word' id='word_1_26' title='bbox 1004 1139 1146 1181; x_wconf 90' lang='lat' dir='ltr'>canonem</span> <span class='ocrx_word' id='word_1_27' title='bbox 1174 1129 1205 1180; x_wconf 86' lang='lat' dir='ltr'>et</span> <span class='ocrx_word' id='word_1_28' title='bbox 1228 1127 1394 1181; x_wconf 71' lang='lat' dir='ltr'>consortem</span> <span class='ocrx_word' id='word_1_29' title='bbox 1416 1137 1512 1191; x_wconf 84' lang='lat' dir='ltr'>suum,</span> 
     </span>
     <span class='ocr_line' id='line_1_5' title="bbox 473 1211 1514 1295; baseline -0.006 -18"><span class='ocrx_word' id='word_1_30' title='bbox 473 1223 490 1251; x_wconf 79' lang='lat'>‘⁴</span> <span class='ocrx_word' id='word_1_31' title='bbox 511 1235 566 1295; x_wconf 90' lang='lat' dir='ltr'>pro</span> <span class='ocrx_word' id='word_1_32' title='bbox 583 1223 663 1278; x_wconf 89' lang='lat' dir='ltr'>statu</span> <span class='ocrx_word' id='word_1_33' title='bbox 687 1232 740 1276; x_wconf 89' lang='lat' dir='ltr'>suo</span> <span class='ocrx_word' id='word_1_34' title='bbox 761 1233 903 1294; x_wconf 86' lang='lat' dir='ltr'>prospero</span> <span class='ocrx_word' id='word_1_35' title='bbox 922 1216 1132 1292; x_wconf 88' lang='lat' dir='ltr'>precabantur,</span> <span class='ocrx_word' id='word_1_36' title='bbox 1147 1229 1232 1288; x_wconf 89' lang='lat' dir='ltr'>unus,</span> <span class='ocrx_word' id='word_1_37' title='bbox 1255 1213 1406 1286; x_wconf 84' lang='lat' dir='ltr'>videlieet,</span> <span class='ocrx_word' id='word_1_38' title='bbox 1432 1211 1514 1289; x_wconf 85' lang='lat' dir='ltr'>quod</span> 
     </span>
    </p>
   </div>
   <div class='ocr_carea' id='block_1_3' title="bbox 468 1306 1515 4373">
    <p class='ocr_par' dir='ltr' id='par_1_3' title="bbox 470 1306 1515 1853">
     <span class='ocr_line' id='line_1_6' title="bbox 474 1306 1515 1388; baseline -0.006 -18"><span class='ocrx_word' id='word_1_39' title='bbox 474 1316 492 1343; x_wconf 90' lang='lat'><strong>“</strong></span> <span class='ocrx_word' id='word_1_40' title='bbox 514 1311 644 1370; x_wconf 80' lang='lat' dir='ltr'>¹¹Nihll</span> <span class='ocrx_word' id='word_1_41' title='bbox 666 1311 802 1388; x_wconf 91' lang='lat' dir='ltr'>proficiat</span> <span class='ocrx_word' id='word_1_42' title='bbox 822 1309 961 1368; x_wconf 86' lang='lat' dir='ltr'>inimicus</span> <span class='ocrx_word' id='word_1_43' title='bbox 977 1309 1009 1366; x_wconf 92' lang='lat' dir='ltr'>in</span> <span class='ocrx_word' id='word_1_44' title='bbox 1032 1327 1076 1383; x_wconf 89' lang='lat' dir='ltr'>eo,</span> <span class='ocrx_word' id='word_1_45' title='bbox 1096 1325 1153 1369; x_wconf 87' lang='lat' dir='ltr'>nee</span> <span class='ocrx_word' id='word_1_46' title='bbox 1172 1308 1250 1366; x_wconf 88' lang='lat' dir='ltr'>filius</span> <span class='ocrx_word' id='word_1_47' title='bbox 1271 1306 1440 1384; x_wconf 86' lang='lat' dir='ltr'>iniquitatis</span> <span class='ocrx_word' id='word_1_48' title='bbox 1461 1325 1515 1383; x_wconf 91' lang='lat' dir='ltr'>ap·</span> 
     </span>
     <span class='ocr_line' id='line_1_7' title="bbox 472 1401 1512 1482; baseline -0.005 -19"><span class='ocrx_word' id='word_1_49' title='bbox 472 1409 490 1436; x_wconf 84' lang='lat'>‘⁴</span> <span class='ocrx_word' id='word_1_50' title='bbox 512 1407 520 1437; x_wconf 88' lang='lat'>‘</span> <span class='ocrx_word' id='word_1_51' title='bbox 534 1411 625 1482; x_wconf 86' lang='lat' dir='ltr'>ponet</span> <span class='ocrx_word' id='word_1_52' title='bbox 635 1419 742 1462; x_wconf 91' lang='lat' dir='ltr'>nocere</span> <span class='ocrx_word' id='word_1_53' title='bbox 756 1403 802 1477; x_wconf 89' lang='lat' dir='ltr'>ei‚&#39;</span> <span class='ocrx_word' id='word_1_54' title='bbox 817 1410 848 1462; x_wconf 89' lang='lat' dir='ltr'>et</span> <span class='ocrx_word' id='word_1_55' title='bbox 862 1402 937 1462; x_wconf 87' lang='lat' dir='ltr'>alter</span> <span class='ocrx_word' id='word_1_56' title='bbox 950 1401 1031 1479; x_wconf 91' lang='lat' dir='ltr'>quod</span> <span class='ocrx_word' id='word_1_57' title='bbox 1050 1403 1082 1442; x_wconf 78' lang='lat'>²⁶</span> <span class='ocrx_word' id='word_1_58' title='bbox 1096 1401 1243 1462; x_wconf 78' lang='lat' dir='ltr'>Dominus</span> <span class='ocrx_word' id='word_1_59' title='bbox 1265 1407 1422 1461; x_wconf 85' lang='lat' dir='ltr'>conservet</span> <span class='ocrx_word' id='word_1_60' title='bbox 1435 1417 1512 1472; x_wconf 90' lang='lat' dir='ltr'>eum,</span> 
     </span>
     <span class='ocr_line' id='line_1_8' title="bbox 471 1493 1513 1569; baseline -0.007 -13"><span class='ocrx_word' id='word_1_61' title='bbox 471 1501 488 1530; x_wconf 89' lang='lat'>“</span> <span class='ocrx_word' id='word_1_62' title='bbox 511 1501 563 1556; x_wconf 89' lang='lat' dir='ltr'>‘et</span> <span class='ocrx_word' id='word_1_63' title='bbox 586 1497 720 1556; x_wconf 83' lang='lat' dir='ltr'>vivificet</span> <span class='ocrx_word' id='word_1_64' title='bbox 742 1515 818 1569; x_wconf 89' lang='lat' dir='ltr'>eum,</span> <span class='ocrx_word' id='word_1_65' title='bbox 843 1503 874 1554; x_wconf 88' lang='lat' dir='ltr'>et</span> <span class='ocrx_word' id='word_1_66' title='bbox 893 1497 1013 1554; x_wconf 86' lang='lat' dir='ltr'>beatum</span> <span class='ocrx_word' id='word_1_67' title='bbox 1026 1493 1116 1554; x_wconf 90' lang='lat' dir='ltr'>faciet</span> <span class='ocrx_word' id='word_1_68' title='bbox 1139 1513 1207 1554; x_wconf 91' lang='lat' dir='ltr'>eum</span> <span class='ocrx_word' id='word_1_69' title='bbox 1228 1495 1259 1552; x_wconf 91' lang='lat' dir='ltr'>in</span> <span class='ocrx_word' id='word_1_70' title='bbox 1286 1499 1376 1567; x_wconf 85' lang='lat' dir='ltr'>terra,</span> <span class='ocrx_word' id='word_1_71' title='bbox 1401 1501 1433 1553; x_wconf 84' lang='lat' dir='ltr'>et</span> <span class='ocrx_word' id='word_1_72' title='bbox 1452 1509 1513 1550; x_wconf 93' lang='lat' dir='ltr'>non</span> 
     </span>
     <span class='ocr_line' id='line_1_9' title="bbox 470 1586 1513 1664; baseline -0.006 -16"><span class='ocrx_word' id='word_1_73' title='bbox 470 1595 487 1622; x_wconf 85' lang='lat'>“</span> <span class='ocrx_word' id='word_1_74' title='bbox 509 1591 629 1648; x_wconf 85' lang='lat' dir='ltr'>‘tradat</span> <span class='ocrx_word' id='word_1_75' title='bbox 651 1589 734 1648; x_wconf 91' lang='lat' dir='ltr'>illum</span> <span class='ocrx_word' id='word_1_76' title='bbox 763 1591 794 1647; x_wconf 90' lang='lat' dir='ltr'>in</span> <span class='ocrx_word' id='word_1_77' title='bbox 821 1607 926 1647; x_wconf 89' lang='lat' dir='ltr'>manus</span> <span class='ocrx_word' id='word_1_78' title='bbox 953 1588 1139 1647; x_wconf 89' lang='lat' dir='ltr'>inimicorum</span> <span class='ocrx_word' id='word_1_79' title='bbox 1174 1586 1259 1664; x_wconf 64' lang='lat' dir='ltr'>ejus!</span> <span class='ocrx_word' id='word_1_80' title='bbox 1314 1587 1403 1648; x_wconf 77' lang='lat' dir='ltr'>circs</span> <span class='ocrx_word' id='word_1_81' title='bbox 1440 1601 1513 1645; x_wconf 76' lang='lat' dir='ltr'>vero</span> 
     </span>
     <span class='ocr_line' id='line_1_10' title="bbox 470 1677 1513 1743; baseline -0.005 -1"><span class='ocrx_word' id='word_1_82' title='bbox 470 1689 488 1716; x_wconf 90' lang='lat'><strong>“</strong></span> <span class='ocrx_word' id='word_1_83' title='bbox 509 1683 606 1743; x_wconf 83' lang='lat' dir='ltr'>fontes</span> <span class='ocrx_word' id='word_1_84' title='bbox 627 1683 694 1742; x_wconf 90' lang='lat' dir='ltr'>illos</span> <span class='ocrx_word' id='word_1_85' title='bbox 708 1681 833 1742; x_wconf 85' lang='lat' dir='ltr'>cuilibet</span> <span class='ocrx_word' id='word_1_86' title='bbox 856 1682 1023 1741; x_wconf 88' lang='lat' dir='ltr'>litterarum</span> <span class='ocrx_word' id='word_1_87' title='bbox 1042 1681 1171 1740; x_wconf 87' lang='lat' dir='ltr'>oraculis</span> <span class='ocrx_word' id='word_1_88' title='bbox 1192 1679 1373 1740; x_wconf 90' lang='lat' dir='ltr'>incitabatur</span> <span class='ocrx_word' id='word_1_89' title='bbox 1387 1677 1425 1738; x_wconf 88' lang='lat' dir='ltr'>ad</span> <span class='ocrx_word' id='word_1_90' title='bbox 1438 1677 1513 1738; x_wconf 89' lang='lat' dir='ltr'>hau·</span> 
     </span>
     <span class='ocr_line' id='line_1_11' title="bbox 471 1771 1361 1853; baseline -0.001 -20"><span class='ocrx_word' id='word_1_91' title='bbox 471 1781 488 1810; x_wconf 80' lang='lat'>¹¹</span> <span class='ocrx_word' id='word_1_92' title='bbox 509 1775 645 1836; x_wconf 89' lang='lat' dir='ltr'>riendum</span> <span class='ocrx_word' id='word_1_93' title='bbox 669 1793 760 1852; x_wconf 86' lang='lat' dir='ltr'>aquas</span> <span class='ocrx_word' id='word_1_94' title='bbox 784 1771 816 1834; x_wconf 89' lang='lat' dir='ltr'>in</span> <span class='ocrx_word' id='word_1_95' title='bbox 837 1775 948 1853; x_wconf 84' lang='lat' dir='ltr'>gaudio</span> <span class='ocrx_word' id='word_1_96' title='bbox 972 1771 1164 1833; x_wconf 76' lang='lat' dir='ltr'>delentibus</span> <span class='ocrx_word' id='word_1_97' title='bbox 1187 1773 1361 1833; x_wconf 73' lang='lat' dir='ltr'>salvatoris.</span> 
     </span>
    </p>

    <p class='ocr_par' dir='ltr' id='par_1_4' title="bbox 468 1865 1515 3061">
     <span class='ocr_line' id='line_1_12' title="bbox 510 1865 1514 1947; baseline 0.003 -20"><span class='ocrx_word' id='word_1_98' title='bbox 510 1875 527 1903; x_wconf 88' lang='lat'>“</span> <span class='ocrx_word' id='word_1_99' title='bbox 542 1869 591 1928; x_wconf 78' lang='lat' dir='ltr'>Ex</span> <span class='ocrx_word' id='word_1_100' title='bbox 615 1871 679 1947; x_wconf 86' lang='lat' dir='ltr'>ipso</span> <span class='ocrx_word' id='word_1_101' title='bbox 693 1884 766 1929; x_wconf 82' lang='lat' dir='ltr'>uero</span> <span class='ocrx_word' id='word_1_102' title='bbox 786 1865 852 1928; x_wconf 90' lang='lat' dir='ltr'>loeo</span> <span class='ocrx_word' id='word_1_103' title='bbox 872 1869 973 1927; x_wconf 87' lang='lat' dir='ltr'>taliter</span> <span class='ocrx_word' id='word_1_104' title='bbox 986 1875 1137 1927; x_wconf 82' lang='lat' dir='ltr'>recreatus</span> <span class='ocrx_word' id='word_1_105' title='bbox 1159 1866 1305 1926; x_wconf 83' lang='lat' dir='ltr'>Dominus</span> <span class='ocrx_word' id='word_1_106' title='bbox 1328 1869 1398 1927; x_wconf 85' lang='lat' dir='ltr'>Rex</span> <span class='ocrx_word' id='word_1_107' title='bbox 1416 1881 1514 1946; x_wconf 88' lang='lat' dir='ltr'>usque</span> 
     </span>
     <span class='ocr_line' id='line_1_13' title="bbox 470 1959 1513 2038; baseline -0.001 -16"><span class='ocrx_word' id='word_1_108' title='bbox 470 1969 488 1997; x_wconf 92' lang='grc'>“</span> <span class='ocrx_word' id='word_1_109' title='bbox 508 1979 626 2022; x_wconf 85' lang='lat' dir='ltr'>erucem</span> <span class='ocrx_word' id='word_1_110' title='bbox 640 1963 672 2020; x_wconf 94' lang='lat' dir='ltr'>ln</span> <span class='ocrx_word' id='word_1_111' title='bbox 693 1961 791 2022; x_wconf 91' lang='lat' dir='ltr'>medio</span> <span class='ocrx_word' id='word_1_112' title='bbox 811 1961 870 2021; x_wconf 82' lang='lat' dir='ltr'>vici</span> <span class='ocrx_word' id='word_1_113' title='bbox 893 1959 1030 2037; x_wconf 75' lang='lat' dir='ltr'>predicti</span> <span class='ocrx_word' id='word_1_114' title='bbox 1053 1960 1221 2018; x_wconf 78' lang='lat' dir='ltr'>maturabat</span> <span class='ocrx_word' id='word_1_115' title='bbox 1241 1973 1438 2038; x_wconf 70' lang='lat' dir='ltr'>aggressumc</span> <span class='ocrx_word' id='word_1_116' title='bbox 1458 1961 1513 2021; x_wconf 92' lang='lat' dir='ltr'>ubi</span> 
     </span>
     <span class='ocr_line' id='line_1_14' title="bbox 469 2051 1514 2133; baseline -0.002 -18"><span class='ocrx_word' id='word_1_117' title='bbox 469 2063 487 2090; x_wconf 79' lang='lat'>‘⁴</span> <span class='ocrx_word' id='word_1_118' title='bbox 508 2055 706 2133; x_wconf 73' lang='lat' dir='ltr'>prospiciebat</span> <span class='ocrx_word' id='word_1_119' title='bbox 727 2057 857 2114; x_wconf 71' lang='lat' dir='ltr'>menum</span> <span class='ocrx_word' id='word_1_120' title='bbox 876 2053 1075 2130; x_wconf 84' lang='lat' dir='ltr'>jaspertinum</span> <span class='ocrx_word' id='word_1_121' title='bbox 1100 2051 1203 2114; x_wconf 82' lang='lat' dir='ltr'>subtili</span> <span class='ocrx_word' id='word_1_122' title='bbox 1217 2053 1514 2130; x_wconf 86' lang='lat' dir='ltr'>mechanioapraeti-</span> 
     </span>
     <span class='ocr_line' id='line_1_15' title="bbox 469 2141 1513 2224; baseline -0.002 -16"><span class='ocrx_word' id='word_1_123' title='bbox 469 2155 487 2182; x_wconf 78' lang='lat'>‘⁶</span> <span class='ocrx_word' id='word_1_124' title='bbox 508 2155 615 2223; x_wconf 87' lang='lat' dir='ltr'>catum,</span> <span class='ocrx_word' id='word_1_125' title='bbox 631 2149 663 2206; x_wconf 93' lang='lat' dir='ltr'>in</span> <span class='ocrx_word' id='word_1_126' title='bbox 677 2146 762 2224; x_wconf 90' lang='lat' dir='ltr'>cujus</span> <span class='ocrx_word' id='word_1_127' title='bbox 775 2145 873 2206; x_wconf 90' lang='lat' dir='ltr'>medio</span> <span class='ocrx_word' id='word_1_128' title='bbox 886 2149 973 2205; x_wconf 87' lang='lat' dir='ltr'>arbor</span> <span class='ocrx_word' id='word_1_129' title='bbox 987 2143 1144 2205; x_wconf 86' lang='lat' dir='ltr'>linctifora</span> <span class='ocrx_word' id='word_1_130' title='bbox 1165 2145 1347 2204; x_wconf 81' lang='lat' dir='ltr'>viridissima</span> <span class='ocrx_word' id='word_1_131' title='bbox 1367 2141 1513 2206; x_wconf 87' lang='lat' dir='ltr'>mirabilis</span> 
     </span>
     <span class='ocr_line' id='line_1_16' title="bbox 469 2237 1514 2316; baseline -0.001 -16"><span class='ocrx_word' id='word_1_132' title='bbox 469 2248 487 2275; x_wconf 92' lang='grc'>“</span> <span class='ocrx_word' id='word_1_133' title='bbox 508 2241 676 2301; x_wconf 87' lang='lat' dir='ltr'>altitudinis</span> <span class='ocrx_word' id='word_1_134' title='bbox 703 2241 859 2300; x_wconf 82' lang='lat' dir='ltr'>deradice</span> <span class='ocrx_word' id='word_1_135' title='bbox 889 2239 1066 2300; x_wconf 85' lang='lat' dir='ltr'>Sanctorum</span> <span class='ocrx_word' id='word_1_136' title='bbox 1089 2237 1232 2298; x_wconf 82' lang='lat' dir='ltr'>Edwardi</span> <span class='ocrx_word' id='word_1_137' title='bbox 1252 2237 1383 2316; x_wconf 70' lang='lat' dir='ltr'>sugite,</span> <span class='ocrx_word' id='word_1_138' title='bbox 1401 2245 1432 2298; x_wconf 90' lang='lat' dir='ltr'>et</span> <span class='ocrx_word' id='word_1_139' title='bbox 1452 2239 1514 2300; x_wconf 88' lang='lat' dir='ltr'>Lo-</span> 
     </span>
     <span class='ocr_line' id='line_1_17' title="bbox 469 2329 1514 2410; baseline 0 -16"><span class='ocrx_word' id='word_1_140' title='bbox 469 2339 487 2368; x_wconf 89' lang='grc'>“</span> <span class='ocrx_word' id='word_1_141' title='bbox 508 2333 614 2394; x_wconf 77' lang='lat' dir='ltr'>doeici</span> <span class='ocrx_word' id='word_1_142' title='bbox 628 2330 771 2407; x_wconf 76' lang='lat' dir='ltr'>Frnnolae,</span> <span class='ocrx_word' id='word_1_143' title='bbox 783 2333 930 2410; x_wconf 86' lang='lat' dir='ltr'>quondam</span> <span class='ocrx_word' id='word_1_144' title='bbox 945 2333 1071 2410; x_wconf 80' lang='lat' dir='ltr'>Regum,</span> <span class='ocrx_word' id='word_1_145' title='bbox 1083 2348 1202 2410; x_wconf 82' lang='lat' dir='ltr'>egressa</span> <span class='ocrx_word' id='word_1_146' title='bbox 1214 2329 1389 2409; x_wconf 83' lang='lat' dir='ltr'>pullulabat,</span> <span class='ocrx_word' id='word_1_147' title='bbox 1403 2345 1514 2410; x_wconf 82' lang='lat' dir='ltr'>repre·</span> 
     </span>
     <span class='ocr_line' id='line_1_18' title="bbox 468 2422 1513 2504; baseline -0.002 -16"><span class='ocrx_word' id='word_1_148' title='bbox 468 2435 487 2462; x_wconf 77' lang='lat'>⁴⁶</span> <span class='ocrx_word' id='word_1_149' title='bbox 509 2435 629 2488; x_wconf 82' lang='lat' dir='ltr'>sentam</span> <span class='ocrx_word' id='word_1_150' title='bbox 642 2427 673 2486; x_wconf 91' lang='lat' dir='ltr'>in</span> <span class='ocrx_word' id='word_1_151' title='bbox 687 2427 786 2501; x_wconf 90' lang='lat' dir='ltr'>ramis,</span> <span class='ocrx_word' id='word_1_152' title='bbox 811 2443 864 2504; x_wconf 86' lang='lat' dir='ltr'>per</span> <span class='ocrx_word' id='word_1_153' title='bbox 878 2443 1018 2503; x_wconf 75' lang='lat' dir='ltr'>personas</span> <span class='ocrx_word' id='word_1_154' title='bbox 1039 2427 1124 2484; x_wconf 81' lang='lat' dir='ltr'>vivas</span> <span class='ocrx_word' id='word_1_155' title='bbox 1139 2433 1245 2484; x_wconf 88' lang='lat' dir='ltr'>ornatu</span> <span class='ocrx_word' id='word_1_156' title='bbox 1260 2422 1408 2484; x_wconf 86' lang='lat' dir='ltr'>ditissimo</span> <span class='ocrx_word' id='word_1_157' title='bbox 1429 2443 1513 2503; x_wconf 88' lang='lat' dir='ltr'>sepa·</span> 
     </span>
     <span class='ocr_line' id='line_1_19' title="bbox 470 2517 1512 2598; baseline 0.002 -20"><span class='ocrx_word' id='word_1_158' title='bbox 470 2519 596 2578; x_wconf 85' lang='lat' dir='ltr'>“ratim</span> <span class='ocrx_word' id='word_1_159' title='bbox 622 2521 772 2598; x_wconf 84' lang='lat' dir='ltr'>figuratas,</span> <span class='ocrx_word' id='word_1_160' title='bbox 796 2517 912 2595; x_wconf 84' lang='lat' dir='ltr'>justum</span> <span class='ocrx_word' id='word_1_161' title='bbox 937 2518 1059 2577; x_wconf 89' lang='lat' dir='ltr'>titulum</span> <span class='ocrx_word' id='word_1_162' title='bbox 1081 2533 1133 2595; x_wconf 91' lang='lat' dir='ltr'>per</span> <span class='ocrx_word' id='word_1_163' title='bbox 1161 2518 1335 2577; x_wconf 76' lang='lat' dir='ltr'>descensum</span> <span class='ocrx_word' id='word_1_164' title='bbox 1355 2519 1512 2596; x_wconf 85' lang='lat' dir='ltr'>utriusque</span> 
     </span>
     <span class='ocr_line' id='line_1_20' title="bbox 470 2609 1511 2691; baseline -0.001 -19"><span class='ocrx_word' id='word_1_165' title='bbox 470 2620 486 2647; x_wconf 82' lang='lat'>‘⁴</span> <span class='ocrx_word' id='word_1_166' title='bbox 508 2626 666 2691; x_wconf 80' lang='lat' dir='ltr'>regnorum</span> <span class='ocrx_word' id='word_1_167' title='bbox 691 2611 906 2690; x_wconf 75' lang='lat' dir='ltr'>predictorum,</span> <span class='ocrx_word' id='word_1_168' title='bbox 925 2627 943 2670; x_wconf 87' lang='lat' dir='ltr'>a</span> <span class='ocrx_word' id='word_1_169' title='bbox 966 2611 1099 2688; x_wconf 82' lang='lat' dir='ltr'>prefatis</span> <span class='ocrx_word' id='word_1_170' title='bbox 1125 2609 1244 2671; x_wconf 84' lang='lat' dir='ltr'>Sanctis</span> <span class='ocrx_word' id='word_1_171' title='bbox 1267 2627 1362 2687; x_wconf 85' lang='lat' dir='ltr'>usque</span> <span class='ocrx_word' id='word_1_172' title='bbox 1384 2613 1511 2672; x_wconf 89' lang='lat' dir='ltr'>eundem</span> 
     </span>
     <span class='ocr_line' id='line_1_21' title="bbox 471 2701 1515 2782; baseline 0.001 -18"><span class='ocrx_word' id='word_1_173' title='bbox 471 2712 488 2740; x_wconf 79' lang='lat'>‘⁶</span> <span class='ocrx_word' id='word_1_174' title='bbox 509 2703 671 2765; x_wconf 89' lang='lat' dir='ltr'>Dominum</span> <span class='ocrx_word' id='word_1_175' title='bbox 691 2711 828 2764; x_wconf 85' lang='lat' dir='ltr'>nostrum</span> <span class='ocrx_word' id='word_1_176' title='bbox 842 2705 956 2782; x_wconf 82' lang='lat' dir='ltr'>Regem</span> <span class='ocrx_word' id='word_1_177' title='bbox 970 2705 1117 2764; x_wconf 83' lang='lat' dir='ltr'>linealiter</span> <span class='ocrx_word' id='word_1_178' title='bbox 1135 2701 1315 2764; x_wconf 82' lang='lat' dir='ltr'>devolutum.</span> <span class='ocrx_word' id='word_1_179' title='bbox 1357 2703 1408 2762; x_wconf 87' lang='lat' dir='ltr'>Ex</span> <span class='ocrx_word' id='word_1_180' title='bbox 1421 2705 1515 2766; x_wconf 84' lang='lat' dir='ltr'>altera</span> 
     </span>
     <span class='ocr_line' id='line_1_22' title="bbox 470 2795 1512 2876; baseline 0.002 -19"><span class='ocrx_word' id='word_1_181' title='bbox 470 2805 487 2833; x_wconf 84' lang='lat'>‘¹</span> <span class='ocrx_word' id='word_1_182' title='bbox 508 2799 634 2874; x_wconf 73' lang='lat' dir='ltr'>namque</span> <span class='ocrx_word' id='word_1_183' title='bbox 655 2804 740 2876; x_wconf 89' lang='lat' dir='ltr'>parte</span> <span class='ocrx_word' id='word_1_184' title='bbox 767 2797 861 2875; x_wconf 88' lang='lat' dir='ltr'>ipsine</span> <span class='ocrx_word' id='word_1_185' title='bbox 885 2795 998 2856; x_wconf 88' lang='lat' dir='ltr'>arboris</span> <span class='ocrx_word' id='word_1_186' title='bbox 1019 2797 1154 2874; x_wconf 70' lang='lat' dir='ltr'>quaedam</span> <span class='ocrx_word' id='word_1_187' title='bbox 1179 2797 1239 2856; x_wconf 89' lang='lat' dir='ltr'>alia</span> <span class='ocrx_word' id='word_1_188' title='bbox 1259 2797 1296 2856; x_wconf 92' lang='lat' dir='ltr'>de</span> <span class='ocrx_word' id='word_1_189' title='bbox 1320 2799 1512 2875; x_wconf 82' lang='lat' dir='ltr'>generatione</span> 
     </span>
     <span class='ocr_line' id='line_1_23' title="bbox 470 2889 1513 2969; baseline -0.001 -16"><span class='ocrx_word' id='word_1_190' title='bbox 470 2901 488 2927; x_wconf 81' lang='lat'>‘⁸</span> <span class='ocrx_word' id='word_1_191' title='bbox 511 2891 675 2953; x_wconf 80' lang='lat' dir='ltr'>Salvatoris</span> <span class='ocrx_word' id='word_1_192' title='bbox 697 2907 715 2949; x_wconf 83' lang='lat' dir='ltr'>a</span> <span class='ocrx_word' id='word_1_193' title='bbox 737 2891 837 2950; x_wconf 84' lang='lat' dir='ltr'>radice</span> <span class='ocrx_word' id='word_1_194' title='bbox 856 2891 946 2950; x_wconf 77' lang='lat' dir='ltr'>desse</span> <span class='ocrx_word' id='word_1_195' title='bbox 967 2903 1093 2969; x_wconf 81' lang='lat' dir='ltr'>egressa,</span> <span class='ocrx_word' id='word_1_196' title='bbox 1109 2889 1241 2967; x_wconf 82' lang='lat' dir='ltr'>adusque</span> <span class='ocrx_word' id='word_1_197' title='bbox 1261 2891 1387 2950; x_wconf 89' lang='lat' dir='ltr'>eundem</span> <span class='ocrx_word' id='word_1_198' title='bbox 1409 2891 1513 2952; x_wconf 77' lang='lat' dir='ltr'>Salva·</span> 
     </span>
     <span class='ocr_line' id='line_1_24' title="bbox 469 2982 1004 3061; baseline -0.002 -16"><span class='ocrx_word' id='word_1_199' title='bbox 469 2991 488 3020; x_wconf 90' lang='lat'>“</span> <span class='ocrx_word' id='word_1_200' title='bbox 509 2993 603 3046; x_wconf 88' lang='lat' dir='ltr'>torem</span> <span class='ocrx_word' id='word_1_201' title='bbox 623 2982 811 3044; x_wconf 86' lang='lat' dir='ltr'>ramillcatim</span> <span class='ocrx_word' id='word_1_202' title='bbox 833 2985 1004 3061; x_wconf 86' lang='lat' dir='ltr'>apparebat.</span> 
     </span>
    </p>

    <p class='ocr_par' dir='ltr' id='par_1_5' title="bbox 470 3075 1514 3999">
     <span class='ocr_line' id='line_1_25' title="bbox 510 3075 1513 3155; baseline 0.002 -17"><span class='ocrx_word' id='word_1_203' title='bbox 510 3079 697 3139; x_wconf 82' lang='lat' dir='ltr'>“Postremo</span> <span class='ocrx_word' id='word_1_204' title='bbox 720 3097 800 3151; x_wconf 84' lang='lat' dir='ltr'>vero,</span> <span class='ocrx_word' id='word_1_205' title='bbox 816 3079 895 3155; x_wconf 89' lang='lat' dir='ltr'>opud</span> <span class='ocrx_word' id='word_1_206' title='bbox 916 3077 1105 3138; x_wconf 84' lang='lat' dir='ltr'>Conductum</span> <span class='ocrx_word' id='word_1_207' title='bbox 1125 3077 1268 3138; x_wconf 77' lang='lat' dir='ltr'>Ecclesiae</span> <span class='ocrx_word' id='word_1_208' title='bbox 1294 3077 1396 3140; x_wconf 87' lang='lat' dir='ltr'>Sancti</span> <span class='ocrx_word' id='word_1_209' title='bbox 1422 3075 1513 3140; x_wconf 86' lang='lat' dir='ltr'>Penii</span> 
     </span>
     <span class='ocr_line' id='line_1_26' title="bbox 470 3169 1512 3248; baseline 0 -15"><span class='ocrx_word' id='word_1_210' title='bbox 470 3179 488 3207; x_wconf 88' lang='grc'>“</span> <span class='ocrx_word' id='word_1_211' title='bbox 508 3171 649 3246; x_wconf 81' lang='lat' dir='ltr'>vicinum,</span> <span class='ocrx_word' id='word_1_212' title='bbox 665 3169 856 3230; x_wconf 81' lang='lat' dir='ltr'>indivisibilia</span> <span class='ocrx_word' id='word_1_213' title='bbox 871 3169 1031 3230; x_wconf 86' lang='lat' dir='ltr'>Trinitatis</span> <span class='ocrx_word' id='word_1_214' title='bbox 1050 3170 1186 3248; x_wconf 84' lang='lat' dir='ltr'>splendor</span> <span class='ocrx_word' id='word_1_215' title='bbox 1207 3171 1343 3248; x_wconf 79' lang='lat' dir='ltr'>elligiulis</span> <span class='ocrx_word' id='word_1_216' title='bbox 1365 3173 1396 3231; x_wconf 91' lang='lat' dir='ltr'>in</span> <span class='ocrx_word' id='word_1_217' title='bbox 1410 3175 1512 3233; x_wconf 87' lang='lat' dir='ltr'>celsis·</span> 
     </span>
     <span class='ocr_line' id='line_1_27' title="bbox 470 3263 1511 3342; baseline 0 -17"><span class='ocrx_word' id='word_1_218' title='bbox 470 3273 488 3300; x_wconf 80' lang='lat'>‘⁴</span> <span class='ocrx_word' id='word_1_219' title='bbox 510 3265 583 3325; x_wconf 88' lang='lat' dir='ltr'>simo</span> <span class='ocrx_word' id='word_1_220' title='bbox 593 3265 661 3324; x_wconf 88' lang='lat' dir='ltr'>coeli</span> <span class='ocrx_word' id='word_1_221' title='bbox 674 3265 791 3342; x_wconf 86' lang='lat' dir='ltr'>imperii</span> <span class='ocrx_word' id='word_1_222' title='bbox 801 3263 909 3322; x_wconf 91' lang='lat' dir='ltr'>throno</span> <span class='ocrx_word' id='word_1_223' title='bbox 918 3263 1067 3323; x_wconf 88' lang='lat' dir='ltr'>residebat</span> <span class='ocrx_word' id='word_1_224' title='bbox 1077 3265 1155 3323; x_wconf 89' lang='lat' dir='ltr'>inter</span> <span class='ocrx_word' id='word_1_225' title='bbox 1166 3265 1315 3324; x_wconf 84' lang='lat' dir='ltr'>exereitus</span> <span class='ocrx_word' id='word_1_226' title='bbox 1325 3264 1511 3342; x_wconf 82' lang='lat' dir='ltr'>Angelorum</span> 
     </span>
     <span class='ocr_line' id='line_1_28' title="bbox 470 3355 1511 3435; baseline 0 -17"><span class='ocrx_word' id='word_1_227' title='bbox 470 3365 488 3394; x_wconf 82' lang='lat'>‘¹</span> <span class='ocrx_word' id='word_1_228' title='bbox 510 3357 565 3418; x_wconf 88' lang='lat' dir='ltr'>sibi</span> <span class='ocrx_word' id='word_1_229' title='bbox 580 3357 822 3432; x_wconf 85' lang='lat' dir='ltr'>ministrantium,</span> <span class='ocrx_word' id='word_1_230' title='bbox 830 3355 944 3434; x_wconf 80' lang='lat' dir='ltr'>etRegi</span> <span class='ocrx_word' id='word_1_231' title='bbox 958 3357 1178 3434; x_wconf 88' lang='lat' dir='ltr'>pertranseunti</span> <span class='ocrx_word' id='word_1_232' title='bbox 1186 3357 1286 3418; x_wconf 86' lang='lat' dir='ltr'>taliter</span> <span class='ocrx_word' id='word_1_233' title='bbox 1300 3357 1511 3435; x_wconf 78' lang='lat' dir='ltr'>alloquentium</span> 
     </span>
     <span class='ocr_line' id='line_1_29' title="bbox 471 3448 1513 3530; baseline 0.001 -18"><span class='ocrx_word' id='word_1_234' title='bbox 471 3459 488 3488; x_wconf 84' lang='lat'>“</span> <span class='ocrx_word' id='word_1_235' title='bbox 510 3465 562 3530; x_wconf 89' lang='lat' dir='ltr'>per</span> <span class='ocrx_word' id='word_1_236' title='bbox 578 3449 981 3529; x_wconf 33' lang='lat' dir='ltr'>§eripuerant-rumen</span> <span class='ocrx_word' id='word_1_237' title='bbox 1002 3448 1064 3510; x_wconf 85' lang='lat' dir='ltr'>suis</span> <span class='ocrx_word' id='word_1_238' title='bbox 1087 3449 1170 3510; x_wconf 91' lang='lat' dir='ltr'>Deus</span> <span class='ocrx_word' id='word_1_239' title='bbox 1189 3451 1343 3511; x_wconf 77' lang='lat' dir='ltr'>mandavit</span> <span class='ocrx_word' id='word_1_240' title='bbox 1362 3453 1399 3511; x_wconf 91' lang='lat' dir='ltr'>de</span> <span class='ocrx_word' id='word_1_241' title='bbox 1419 3459 1459 3528; x_wconf 89' lang='lat' dir='ltr'>te,</span> <span class='ocrx_word' id='word_1_242' title='bbox 1479 3461 1513 3513; x_wconf 90' lang='lat' dir='ltr'>ut</span> 
     </span>
     <span class='ocr_line' id='line_1_30' title="bbox 470 3540 1513 3620; baseline -0.001 -14"><span class='ocrx_word' id='word_1_243' title='bbox 470 3553 487 3581; x_wconf 84' lang='lat'>‘¹</span> <span class='ocrx_word' id='word_1_244' title='bbox 511 3545 702 3606; x_wconf 82' lang='lat' dir='ltr'>‘custodiant</span> <span class='ocrx_word' id='word_1_245' title='bbox 715 3551 745 3604; x_wconf 92' lang='lat' dir='ltr'>te</span> <span class='ocrx_word' id='word_1_246' title='bbox 766 3540 798 3602; x_wconf 92' lang='lat' dir='ltr'>in</span> <span class='ocrx_word' id='word_1_247' title='bbox 818 3543 955 3603; x_wconf 78' lang='lat' dir='ltr'>omnibus</span> <span class='ocrx_word' id='word_1_248' title='bbox 969 3543 1027 3602; x_wconf 84' lang='lat' dir='ltr'>viis</span> <span class='ocrx_word' id='word_1_249' title='bbox 1047 3543 1126 3602; x_wconf 81' lang='lat' dir='ltr'>tuis’</span> <span class='ocrx_word' id='word_1_250' title='bbox 1168 3541 1240 3620; x_wconf 85' lang='lat' dir='ltr'>Ipsa</span> <span class='ocrx_word' id='word_1_251' title='bbox 1253 3560 1324 3604; x_wconf 83' lang='lat' dir='ltr'>vero</span> <span class='ocrx_word' id='word_1_252' title='bbox 1343 3545 1437 3605; x_wconf 82' lang='lat' dir='ltr'>deciis</span> <span class='ocrx_word' id='word_1_253' title='bbox 1451 3547 1513 3606; x_wconf 87' lang='lat' dir='ltr'>effi·</span> 
     </span>
     <span class='ocr_line' id='line_1_31' title="bbox 470 3635 1513 3718; baseline 0 -18"><span class='ocrx_word' id='word_1_254' title='bbox 470 3645 488 3674; x_wconf 83' lang='lat'>‘¹</span> <span class='ocrx_word' id='word_1_255' title='bbox 510 3639 582 3718; x_wconf 74' lang='lat' dir='ltr'>giea</span> <span class='ocrx_word' id='word_1_256' title='bbox 604 3639 690 3716; x_wconf 84' lang='lat' dir='ltr'>quasi</span> <span class='ocrx_word' id='word_1_257' title='bbox 710 3637 888 3716; x_wconf 86' lang='lat' dir='ltr'>promittens</span> <span class='ocrx_word' id='word_1_258' title='bbox 908 3635 1004 3696; x_wconf 85' lang='lat' dir='ltr'>eidem</span> <span class='ocrx_word' id='word_1_259' title='bbox 1026 3637 1103 3714; x_wconf 79' lang='lat' dir='ltr'>Regi</span> <span class='ocrx_word' id='word_1_260' title='bbox 1135 3635 1230 3696; x_wconf 85' lang='lat' dir='ltr'>vitam</span> <span class='ocrx_word' id='word_1_261' title='bbox 1255 3640 1287 3696; x_wconf 91' lang='lat' dir='ltr'>ln</span> <span class='ocrx_word' id='word_1_262' title='bbox 1314 3637 1371 3700; x_wconf 89' lang='lat' dir='ltr'>hoc</span> <span class='ocrx_word' id='word_1_263' title='bbox 1405 3642 1513 3700; x_wconf 78' lang='lat' dir='ltr'>seculo</span> 
     </span>
     <span class='ocr_line' id='line_1_32' title="bbox 470 3728 1514 3812; baseline 0.002 -20"><span class='ocrx_word' id='word_1_264' title='bbox 470 3741 488 3768; x_wconf 78' lang='lat'>¹¹</span> <span class='ocrx_word' id='word_1_265' title='bbox 508 3731 681 3812; x_wconf 76' lang='lat' dir='ltr'>longaevam,</span> <span class='ocrx_word' id='word_1_266' title='bbox 697 3737 728 3791; x_wconf 89' lang='lat' dir='ltr'>et</span> <span class='ocrx_word' id='word_1_267' title='bbox 745 3731 931 3808; x_wconf 87' lang='lat' dir='ltr'>postmodum</span> <span class='ocrx_word' id='word_1_268' title='bbox 952 3729 1085 3808; x_wconf 87' lang='lat' dir='ltr'>requiem</span> <span class='ocrx_word' id='word_1_269' title='bbox 1108 3731 1275 3806; x_wconf 85' lang='lat' dir='ltr'>salutarem,</span> <span class='ocrx_word' id='word_1_270' title='bbox 1298 3728 1372 3791; x_wconf 88' lang='lat' dir='ltr'>illud</span> <span class='ocrx_word' id='word_1_271' title='bbox 1385 3731 1514 3811; x_wconf 86' lang='lat' dir='ltr'>prophe·</span> 
     </span>
     <span class='ocr_line' id='line_1_33' title="bbox 470 3819 1513 3904; baseline 0 -17"><span class='ocrx_word' id='word_1_272' title='bbox 470 3833 488 3862; x_wconf 80' lang='lat'>‘⁸</span> <span class='ocrx_word' id='word_1_273' title='bbox 510 3825 602 3887; x_wconf 85' lang='lat' dir='ltr'>ticum</span> <span class='ocrx_word' id='word_1_274' title='bbox 629 3819 1026 3902; x_wconf 76' lang='lat' dir='ltr'>emisil‚-⁴‘Longltudine</span> <span class='ocrx_word' id='word_1_275' title='bbox 1049 3819 1165 3883; x_wconf 81' lang='lat' dir='ltr'>dietum</span> <span class='ocrx_word' id='word_1_276' title='bbox 1191 3825 1312 3902; x_wconf 85' lang='lat' dir='ltr'>replebo</span> <span class='ocrx_word' id='word_1_277' title='bbox 1339 3823 1425 3900; x_wconf 84' lang='lat' dir='ltr'>eum‚’</span> <span class='ocrx_word' id='word_1_278' title='bbox 1458 3844 1513 3904; x_wconf 86' lang='lat' dir='ltr'>pro</span> 
     </span>
     <span class='ocr_line' id='line_1_34' title="bbox 471 3913 1512 3999; baseline 0.001 -19"><span class='ocrx_word' id='word_1_279' title='bbox 471 3927 488 3958; x_wconf 84' lang='lat'>¹‘</span> <span class='ocrx_word' id='word_1_280' title='bbox 509 3919 612 3999; x_wconf 88' lang='lat' dir='ltr'>primo,</span> <span class='ocrx_word' id='word_1_281' title='bbox 628 3916 913 3992; x_wconf 81' lang='lat' dir='ltr'>et‚·-⁴¹Ostendam</span> <span class='ocrx_word' id='word_1_282' title='bbox 938 3917 983 3975; x_wconf 89' lang='lat' dir='ltr'>illi</span> <span class='ocrx_word' id='word_1_283' title='bbox 1008 3913 1136 3977; x_wconf 84' lang='lat' dir='ltr'>salutare</span> <span class='ocrx_word' id='word_1_284' title='bbox 1156 3919 1273 3992; x_wconf 87' lang='lat' dir='ltr'>meum,&#39;</span> <span class='ocrx_word' id='word_1_285' title='bbox 1297 3935 1351 3996; x_wconf 90' lang='lat' dir='ltr'>pro</span> <span class='ocrx_word' id='word_1_286' title='bbox 1373 3922 1512 3981; x_wconf 82' lang='lat' dir='ltr'>seeundo.</span> 
     </span>
    </p>

    <p class='ocr_par' dir='ltr' id='par_1_6' title="bbox 471 4007 1512 4373">
     <span class='ocr_line' id='line_1_35' title="bbox 511 4007 1512 4073; baseline 0.001 -1"><span class='ocrx_word' id='word_1_287' title='bbox 511 4007 595 4072; x_wconf 85' lang='lat' dir='ltr'>“Ad</span> <span class='ocrx_word' id='word_1_288' title='bbox 613 4009 835 4073; x_wconf 86' lang='lat' dir='ltr'>Occidentclem</span> <span class='ocrx_word' id='word_1_289' title='bbox 848 4011 937 4071; x_wconf 86' lang='lat' dir='ltr'>finem</span> <span class='ocrx_word' id='word_1_290' title='bbox 947 4010 1090 4070; x_wconf 78' lang='lat' dir='ltr'>Ecclesloe</span> <span class='ocrx_word' id='word_1_291' title='bbox 1105 4011 1293 4072; x_wconf 78' lang='lat' dir='ltr'>cathedralis</span> <span class='ocrx_word' id='word_1_292' title='bbox 1311 4011 1414 4072; x_wconf 79' lang='lat' dir='ltr'>Sancti</span> <span class='ocrx_word' id='word_1_293' title='bbox 1424 4011 1512 4073; x_wconf 89' lang='lat' dir='ltr'>Pauli</span> 
     </span>
     <span class='ocr_line' id='line_1_36' title="bbox 472 4102 1512 4186; baseline 0.002 -21"><span class='ocrx_word' id='word_1_294' title='bbox 472 4113 489 4142; x_wconf 82' lang='lat'><strong>“</strong></span> <span class='ocrx_word' id='word_1_295' title='bbox 510 4107 658 4186; x_wconf 77' lang='lat' dir='ltr'>predictae</span> <span class='ocrx_word' id='word_1_296' title='bbox 692 4111 886 4164; x_wconf 86' lang='lat' dir='ltr'>occurrerunt</span> <span class='ocrx_word' id='word_1_297' title='bbox 926 4102 953 4163; x_wconf 91' lang='lat' dir='ltr'>el</span> <span class='ocrx_word' id='word_1_298' title='bbox 988 4102 1110 4163; x_wconf 80' lang='lat' dir='ltr'>solemni</span> <span class='ocrx_word' id='word_1_299' title='bbox 1145 4105 1331 4182; x_wconf 84' lang='lat' dir='ltr'>processione</span> <span class='ocrx_word' id='word_1_300' title='bbox 1365 4105 1512 4167; x_wconf 87' lang='lat' dir='ltr'>Dominus</span> 
     </span>
     <span class='ocr_line' id='line_1_37' title="bbox 471 4194 1512 4278; baseline 0.001 -19"><span class='ocrx_word' id='word_1_301' title='bbox 471 4206 488 4236; x_wconf 84' lang='lat'><strong>“</strong></span> <span class='ocrx_word' id='word_1_302' title='bbox 508 4199 762 4276; x_wconf 84' lang='lat' dir='ltr'>Arehlepiscopus</span> <span class='ocrx_word' id='word_1_303' title='bbox 783 4194 1016 4269; x_wconf 71' lang='lat' dir='ltr'>cantuariensis,</span> <span class='ocrx_word' id='word_1_304' title='bbox 1043 4215 1109 4256; x_wconf 90' lang='lat' dir='ltr'>eum</span> <span class='ocrx_word' id='word_1_305' title='bbox 1138 4197 1240 4256; x_wconf 88' lang='lat' dir='ltr'>decem</span> <span class='ocrx_word' id='word_1_306' title='bbox 1260 4196 1326 4256; x_wconf 84' lang='lat' dir='ltr'>aliis</span> <span class='ocrx_word' id='word_1_307' title='bbox 1354 4197 1512 4278; x_wconf 86' lang='lat' dir='ltr'>Episcopis</span> 
     </span>
     <span class='ocr_line' id='line_1_38' title="bbox 471 4288 1511 4373; baseline 0 -19"><span class='ocrx_word' id='word_1_308' title='bbox 471 4300 489 4330; x_wconf 86' lang='lat'>“</span> <span class='ocrx_word' id='word_1_309' title='bbox 511 4291 729 4373; x_wconf 79' lang='lat' dir='ltr'>pontificalibus</span> <span class='ocrx_word' id='word_1_310' title='bbox 764 4288 908 4361; x_wconf 65' lang='lat' dir='ltr'>indutiae</span> <span class='ocrx_word' id='word_1_311' title='bbox 944 4307 1059 4350; x_wconf 88' lang='lat' dir='ltr'>necnon</span> <span class='ocrx_word' id='word_1_312' title='bbox 1093 4291 1233 4350; x_wconf 85' lang='lat' dir='ltr'>Decanus</span> <span class='ocrx_word' id='word_1_313' title='bbox 1274 4299 1304 4350; x_wconf 86' lang='lat' dir='ltr'>et</span> <span class='ocrx_word' id='word_1_314' title='bbox 1339 4291 1511 4369; x_wconf 80' lang='lat' dir='ltr'>Capitulum</span> 
     </span>
    </p>
   </div>
   <div class='ocr_carea' id='block_1_4' title="bbox 794 4503 1182 4513">
    <p class='ocr_par' dir='ltr' id='par_1_7' title="bbox 794 4503 1182 4513">
     <span class='ocr_line' id='line_1_39' title="bbox 794 4503 1182 4513; baseline -0.003 -1"><span class='ocrx_word' id='word_1_315' title='bbox 794 4507 802 4512; x_wconf 83' lang='grc'><strong>.</strong></span> <span class='ocrx_word' id='word_1_316' title='bbox 805 4504 932 4513; x_wconf 59' lang='grc' dir='ltr'>-ι--ι-ι-</span> <span class='ocrx_word' id='word_1_317' title='bbox 935 4503 1182 4513; x_wconf 48' lang='lat' dir='ltr'>‚uu—w*-</span> 
     </span>
    </p>
   </div>
   <div class='ocr_carea' id='block_1_5' title="bbox 503 4637 1265 4774">
    <p class='ocr_par' dir='ltr' id='par_1_8' title="bbox 503 4637 1265 4774">
     <span class='ocr_line' id='line_1_40' title="bbox 503 4637 1263 4695; baseline 0.003 -5"><span class='ocrx_word' id='word_1_318' title='bbox 503 4638 606 4691; x_wconf 77' lang='grc' dir='ltr'>ιΡιιιιῐηι</span> <span class='ocrx_word' id='word_1_319' title='bbox 617 4641 718 4694; x_wconf 84' lang='lat' dir='ltr'>lxxxix.</span> <span class='ocrx_word' id='word_1_320' title='bbox 731 4647 769 4695; x_wconf 69' lang='lat'>2⁶2.</span> <span class='ocrx_word' id='word_1_321' title='bbox 1048 4637 1150 4694; x_wconf 82' lang='lat' dir='ltr'>³Paoloa</span> <span class='ocrx_word' id='word_1_322' title='bbox 1161 4643 1211 4694; x_wconf 81' lang='lat' dir='ltr'>xci.</span> <span class='ocrx_word' id='word_1_323' title='bbox 1225 4639 1263 4693; x_wconf 87' lang='lat' dir='ltr'>li.</span> 
     </span>
     <span class='ocr_line' id='line_1_41' title="bbox 504 4719 1265 4774; baseline 0.004 -5"><span class='ocrx_word' id='word_1_324' title='bbox 504 4723 513 4750; x_wconf 76' lang='lat'><em>²</em></span> <span class='ocrx_word' id='word_1_325' title='bbox 525 4719 607 4770; x_wconf 71' lang='lat' dir='ltr'>psalm</span> <span class='ocrx_word' id='word_1_326' title='bbox 618 4722 663 4772; x_wconf 85' lang='lat' dir='ltr'>xli.</span> <span class='ocrx_word' id='word_1_327' title='bbox 675 4725 698 4772; x_wconf 81' lang='lat'>2.</span> <span class='ocrx_word' id='word_1_328' title='bbox 1049 4725 1057 4754; x_wconf 80' lang='lat'><strong>⁴</strong></span> <span class='ocrx_word' id='word_1_329' title='bbox 1069 4721 1151 4774; x_wconf 81' lang='lat' dir='ltr'>Psolru</span> <span class='ocrx_word' id='word_1_330' title='bbox 1163 4723 1213 4774; x_wconf 84' lang='lat' dir='ltr'>xci.</span> <span class='ocrx_word' id='word_1_331' title='bbox 1228 4729 1265 4773; x_wconf 80' lang='lat' dir='ltr'>lo.</span> 
     </span>
    </p>
   </div>
   <div class='ocr_carea' id='block_1_6' title="bbox 0 0 1772 5726">
    <p class='ocr_par' dir='ltr' id='par_1_9' title="bbox 0 0 1772 5726">
     <span class='ocr_line' id='line_1_42' title="bbox 0 0 1772 5726; baseline 0 0"><span class='ocrx_word' id='word_1_332' title='bbox 0 0 1772 5726; x_wconf 95' lang='lat' dir='ltr'> </span> 
     </span>
    </p>
   </div>
  </div>
 </body>
</html>
