3456 5734
477 728 542 794 434
877 741 1057 792 Aaronom
1080 743 1116 790 11¹.

308 927 382 988 aaa
476 935 495 964 α

310 988 331 1018 m
351 988 392 1018 nen

393 987 424 1018 ¹0

517 927 637 994 Sciatis
661 926 750 1012 quod
776 949 850 992 oum
873 927 985 992 dilecti
1007 925 1103 990 nobis
1118 924 1224 1011 Major
1246 930 1281 990 et
1296 925 1520 1002 Aldcrmanui,

309 1039 358 1120 ,ᾖ
375 1027 456 1120 Ἢ
476 1039 493 1064 “
514 1035 549 1096 et
574 1031 684 1096 coeteri
706 1031 792 1094 cives
814 1029 919 1094 nostri
935 1027 1187 1105 Londoniarum‚
1203 1047 1309 1115 nuper
1329 1027 1425 1092 nobis
1446 1045 1522 1114 gra·

319 1139 384 1220 ⁰2⁰
401 1140 445 1171 ⁰¹¹⁰
476 1141 491 1167 “
514 1137 624 1198 tanter
646 1137 800 1198 mutuum
823 1133 960 1198 fecerint
986 1131 1026 1195 de
1049 1131 1137 1196 mille
1160 1129 1253 1195 libris
1279 1131 1520 1216 sterlingorum,

341 1241 373 1272 ¹¹¹¹
477 1245 493 1271 “
516 1256 574 1302 nos
596 1235 744 1301 volentes
766 1235 888 1300 eisdem
912 1233 1039 1320 Majori,
1064 1236 1099 1298 et
1113 1231 1357 1311 Aldermannis
1384 1237 1419 1297 et
1441 1233 1520 1296 civi-

353 1364 359 1376 ·
393 1359 399 1373 ·
424 1361 429 1374 ·
476 1346 492 1372 “
515 1337 585 1416 bus,
608 1338 648 1402 de
670 1337 815 1424 pecunia
838 1355 965 1402 summa
987 1335 1179 1412 satisfacere,
1204 1341 1244 1400 ut
1265 1339 1423 1412 tenemur,
1444 1356 1523 1400 oon-

478 1448 495 1474 “
517 1440 670 1504 cessimus
693 1439 739 1505 sis
760 1444 799 1504 ut
821 1439 859 1502 in
880 1439 1030 1526 proximo
1054 1437 1178 1502 auxilio
1201 1435 1296 1501 nobis
1319 1437 1354 1500 in
1375 1435 1522 1502 Ciuitate

477 1549 493 1574 “
514 1545 627 1605 nostra
656 1539 820 1626 praediota
848 1561 906 1604 seu
931 1539 969 1604 in
994 1537 1166 1604 Oomitatu
1190 1533 1418 1604 Middlesexioe
1447 1560 1523 1604 con-

477 1651 493 1676 “
515 1641 667 1720 cedendo
689 1647 748 1708 aut
770 1641 807 1705 in
829 1638 971 1707 denariis
993 1640 1029 1705 in
1051 1639 1173 1706 eisdem
1189 1630 1335 1706 Civitate
1358 1644 1393 1705 et
1413 1639 1524 1706 (lomi-

476 1753 493 1779 “
515 1750 589 1811 tatu
619 1743 661 1809 cd
692 1753 772 1831 opu's
802 1750 952 1809 nostrum
975 1765 1017 1808 cx
1039 1765 1231 1830 quacunque
1253 1763 1350 1808 causa
1371 1743 1522 1829 proximo

477 1855 493 1880 “
515 1842 673 1926 levandis,
705 1843 880 1933 praedictos
909 1840 999 1911 mille
1029 1842 1128 1910 libras
1158 1843 1205 1910 eis
1226 1843 1355 1910 allocari
1378 1845 1522 1910 fecimus.

478 1955 496 1983 “
520 1943 745 2014 Concessimus
760 1949 860 2014 etiam
879 1944 1001 2016 eisdem
1018 1943 1145 2034 Majmi,
1168 1953 1202 2012 et
1224 1944 1465 2026 Aldermannis,
1490 1955 1524 2014 ct

477 2058 493 2083 “
515 2047 650 2128 civibus,
673 2049 761 2137 quod
783 2046 955 2138 tallagium
977 2048 1109 2136 aliquod
1132 2050 1308 2136 separatim
1331 2071 1390 2136 per
1403 2049 1523 2136 capito,

476 2160 492 2185 “
515 2151 570 2217 vel
591 2149 628 2218 in
650 2152 823 2232 communi,
845 2175 943 2240 snper
965 2151 1059 2239 ipsos,
1089 2148 1176 2218 bona
1201 2157 1236 2216 et
1265 2149 1391 2230 catalla,
1418 2157 1523 2218 terras

475 2262 492 2288 “
515 2259 549 2320 ot
563 2260 760 2333 tenemento,
783 2261 843 2321 aut
865 2253 1014 2320 redditus
1036 2276 1120 2334 suos,
1143 2254 1178 2318 in
1203 2253 1349 2319 Civitate
1364 2250 1523 2340 praedicta

475 2365 491 2390 “
514 2358 567 2422 vel
605 2356 640 2421 in
677 2357 833 2424 suburbio
864 2355 1018 2442 ejusdem,
1063 2361 1140 2421 ante
1178 2354 1363 2443 proximum
1398 2355 1522 2421 Parlia

475 2467 491 2492 “
514 2465 662 2524 mentum
685 2465 833 2524 nostrum
856 2459 997 2537 assideri,
1027 2449 1080 2523 vel
1104 2454 1144 2524 de
1167 2457 1288 2523 eisdem
1310 2455 1420 2536 levari,
1447 2459 1523 2523 nul-

475 2567 491 2593 “
514 2553 643 2625 latenas
664 2560 819 2626 faciemus
831 2585 839 2640 3
861 2559 961 2625 salvis
984 2582 1110 2647 semper
1135 2557 1262 2645 Majori,
1280 2557 1522 2638 Alderrnannis,

474 2671 490 2694 “
513 2667 547 2726 et
570 2659 706 2742 civibus,
733 2661 831 2728 dictae
847 2659 1010 2740 Civitatis,
1025 2659 1299 2748 assignationibus
1321 2663 1367 2726 eis
1390 2686 1448 2749 per
1463 2686 1523 2729 nos

474 2771 491 2797 “
514 2761 604 2850 prius
625 2763 720 2828 factis
743 2787 802 2850 pro
824 2763 945 2830 debitis
967 2764 1008 2830 dc
1032 2765 1151 2850 quibus
1173 2786 1231 2850 per
1253 2785 1311 2828 nos
1338 2763 1522 2831 satisfacere

474 2874 490 2899 “
513 2871 777 2952 manuceperunt,
793 2872 892 2954 prout
914 2865 949 2930 in
981 2863 1084 2932 literis
1106 2865 1226 2930 nostris
1253 2866 1451 2951 patentibus,
1476 2869 1522 2933 cis

474 2976 490 3000 “
513 2967 588 3032 inde
619 2965 723 3046 factis,
753 2968 885 3056 ,plenius
919 2967 1113 3033 continetur.
1165 2965 1208 3031 In
1235 2965 1328 3052 cujus
1350 2968 1397 3033 rei
1427 2970 1521 3035 testi-

474 3079 490 3103 “
513 3069 668 3148 monium,
698 3071 757 3134 has
787 3070 899 3136 literas
932 3073 1061 3136 nostras
1086 3069 1157 3135 fieri
1189 3068 1325 3135 fecimus
1362 3075 1521 3158 patentes.

474 3166 610 3238 “Teste
632 3171 763 3259 meipso,
796 3173 883 3260 apud
917 3170 1127 3259 Wyndeaore,
1159 3167 1220 3237 xiii
1253 3167 1306 3238 dic
1337 3173 1518 3254 Februarii,

474 3282 490 3308 “
513 3297 599 3340 anno
621 3275 714 3362 regni
736 3276 839 3340 nostri
862 3271 987 3341 sexto.''

519 3373 564 3441 Et
586 3377 754 3442 sciendum
777 3371 865 3463 quod
886 3377 1051 3465 praedictae
1086 3377 1174 3442 mille
1197 3371 1289 3443 librae
1312 3373 1429 3446 solutae
1451 3379 1520 3447 fuc-

474 3484 554 3543 runt
569 3477 711 3544 Domino
734 3472 933 3566 ¹Ingelardo
956 3479 997 3544 de
1012 3470 1131 3557 Warlc,
1148 3479 1229 3544 tunc
1251 3473 1417 3547 ²Oustode
1441 3483 1521 3548 Gar-

474 3579 603 3646 dcrobae
615 3581 751 3646 Domini
774 3581 882 3668 Regis,
906 3603 964 3668 por
985 3579 1085 3646 breve
1108 3579 1244 3645 Domini
1268 3581 1366 3669 Regis
1389 3585 1426 3648 in
1447 3579 1520 3652 haec

473 3683 575 3747 verba
588 3708 642 3746 :-

307 3803 461 3859 Writonioin-

304 3855 348 3949 ill
365 3859 460 3950 caraliut
472 3893 490 3922 ‘¹

305 3968 357 3999 sum
366 3959 391 4000 to
399 3958 440 4002 the

305 4007 429 4101 chaeror
473 3997 492 4024 “

518 3791 537 3820 “
552 3784 745 3864 Edwardus,
768 3785 833 3852 Dei
854 3787 1053 3873 gratiaeto,
1074 3785 1196 3872 Majori
1219 3791 1254 3851 et
1277 3785 1519 3860 Aldcrmannis,

513 3893 547 3952 et
584 3887 710 3952 civibus
749 3884 904 3954 Civitatis
936 3880 1188 3966 Londoniarum,
1227 3888 1372 3954 salutem.
1434 3891 1518 3957 Cum

513 4010 617 4076 nuper
650 3990 871 4056 concesseritis
901 3991 996 4056 nobis
1027 3995 1200 4078 gratanter
1233 3997 1386 4058 mutuum
1415 3993 1519 4060 facere

513 4092 554 4157 dc
576 4091 666 4156 mille
688 4090 781 4157 libris
803 4093 1041 4180 sterlingorum,
1064 4093 1124 4158 sub
1147 4093 1244 4160 certis
1267 4094 1519 4174 conditionibus,

474 4199 495 4230 “
517 4198 617 4281 prout
638 4193 675 4258 in
705 4193 811 4260 literis
841 4196 962 4261 nostris
997 4196 1197 4283 patentibus,
1222 4196 1318 4262 vobis
1339 4197 1418 4262 inde
1441 4220 1518 4264 con·

473 4303 491 4329 “
511 4295 613 4373 fectis,
652 4295 779 4382 plenius
821 4298 1031 4384 specificatur,
1065 4297 1158 4364 vobis
1192 4298 1393 4377 mandamus,
1432 4299 1518 4385 quod

472 4404 491 4431 “
513 4398 634 4464 dictam
656 4399 802 4484 pecuniae
825 4421 987 4465 summam
1003 4399 1121 4465 dilecto
1143 4400 1257 4466 clerico
1278 4403 1398 4482 nostro,
1422 4399 1519 4489 Inge-

505 4681 659 4734 ¹Seeliber
673 4683 849 4751 Cruturacmm,
861 4703 884 4753 p.
895 4694 950 4740 686.
981 4689 986 4758 Ι
1035 4689 1229 4740 *noemi-for
1246 4689 1383 4742 ‘Custodi'
