3456 5734
407 713 473 776 448
778 701 981 776 'smmum
1006 727 1045 776 11.

406 903 566 978 denarius.
613 912 735 979 Omnes
749 913 998 980 consuetudines
1012 912 1211 1000 praescriptas
1226 872 1454 978 conservandae

406 1020 485 1080 sunt
506 1020 540 1081 et
563 1017 713 1082 teneudae
735 1025 804 1081 tarn
828 1018 863 1081 in
885 1021 982 1104 portu
1005 1017 1045 1082 de
1079 1014 1273 1102 Douuegate
1296 1037 1395 1101 quam
1417 1015 1454 1078 in

406 1115 491 1203 Ripa
514 1116 657 1204 Reginae,
680 1118 722 1182 ad
749 1140 837 1208 'opus
869 1119 1004 1184 Domini
1033 1117 1138 1204 Regis.
1195 1116 1291 1194 Item,
1318 1115 1454 1182 bladum

403 1219 491 1304 quod
507 1221 701 1308 applicuerit
711 1221 799 1286 inter
808 1220 983 1286 Gutteram
995 1219 1035 1286 de
1048 1219 1213 1286 Gildhalle
1225 1218 1454 1286 Colonensium

403 1327 438 1386 et
469 1321 608 1388 Socham
632 1323 875 1410 Archiepiscopi
899 1323 1096 1400 Cantuariae,
1119 1345 1185 1388 non
1208 1322 1291 1389 solet
1322 1343 1452 1388 mensu·

402 1425 467 1488 rari
500 1447 558 1511 per
594 1425 685 1490 aliud
717 1427 920 1511 quarterium
952 1447 1050 1511 quarn
1082 1447 1139 1512 per
1173 1425 1376 1511 quarterium
1410 1423 1451 1488 de

403 1524 492 1590 Soka
514 1526 657 1614 Reginae.
704 1526 799 1605 Item,
821 1526 949 1593 licitum
973 1533 1022 1592 est
1045 1526 1169 1592 ballivo
1194 1526 1289 1613 Ripae
1312 1526 1448 1612 Reginae

402 1650 514 1714 capere
538 1628 754 1716 Scawyngnm
773 1631 810 1694 in
834 1629 933 1695 Selda
948 1629 1139 1716 Wyntcniae
1162 1627 1204 1693 ad
1227 1651 1308 1715 opus
1333 1625 1450 1714 ¹Ripae

403 1728 547 1816 Reginae,
570 1731 632 1796 sub
655 1731 767 1797 eadem
790 1731 895 1797 forma
917 1755 983 1819 qua
999 1731 1182 1797 Vicecomes
1206 1730 1450 1796 Londoniarum

402 1831 481 1896 alibi
504 1833 539 1898 iu
563 1833 741 1900 Londoniis
773 1834 1014 1920 Scawyngham
1037 1834 1124 1921 capit
1146 1833 1188 1897 ad
1211 1855 1292 1920 opus
1315 1833 1450 1899 Domini

403 1932 509 2021 Regis.

445 2048 542 2128 Item,
566 2051 593 2115 si
615 2051 734 2137 aliquis
755 2051 1023 2117 consuetudinem
1046 2072 1138 2115 suam
1165 2050 1352 2127 detinuerit,
1374 2054 1410 2114 ct
1431 2071 1452 2114 a

402 2149 548 2217 Ciuitate
574 2153 741 2219 recesserit
764 2175 839 2219 cum
861 2155 973 2219 eadem
996 2152 1239 2230 consuetudine,
1268 2152 1385 2217 incidit
1414 2153 1451 2216 in

400 2253 789 2320 misericordiamballivi.
835 2256 930 2334 Item,
946 2256 973 2320 si
997 2255 1070 2342 quis
1093 2254 1361 2320 consuetudinem
1377 2254 1447 2319 bal-

400 2355 468 2420 livo
490 2355 544 2420 vel
575 2356 645 2441 ejus
679 2357 830 2456 ministro
864 2357 1023 2422 obtulerit
1057 2356 1314 2444 persolvendam,
1343 2361 1377 2421 et
1399 2356 1448 2419 illi

401 2480 513 2545 capere
545 2459 717 2538 noluerint,
741 2461 891 2545 quamvis
923 2482 943 2524 a
977 2458 1123 2526 Ciuitate
1146 2459 1276 2536 recedit,
1299 2480 1367 2523 non
1397 2465 1450 2523 est

400 2561 633 2626 amerciandus.
691 2562 787 2640 Item,
815 2583 926 2628 omnes
957 2561 1067 2627 ussisse
1102 2561 1265 2638 Civitatis,
1297 2560 1333 2624 in
1356 2559 1446 2624 Hus-

400 2668 499 2749 tengo
530 2664 669 2750 provisae
703 2669 737 2730 et
771 2669 907 2730 statutae
930 2663 973 2728 ad
997 2664 1256 2729 emendationem
1283 2661 1448 2738 Civitatis,

277 2823 282 2836 ,
347 2825 354 2837 ,
400 2765 583 2830 statuendae
606 2770 685 2830 suut
708 2771 742 2831 et
764 2766 975 2832 observandae
1007 2767 1043 2830 in
1075 2765 1164 2831 Soka
1195 2765 1344 2852 Reginae.
1401 2765 1448 2830 Et

399 2865 473 2931 idco
510 2866 749 2932 consideratum
787 2874 845 2946 est,
884 2868 972 2954 quod
1010 2869 1172 2933 Dominus
1217 2867 1289 2933 Rex
1326 2866 1448 2932 habeat

400 2968 550 3034 saisinam
573 2991 666 3034 suam
688 2969 729 3035 de
763 2970 915 3036 omuibus
949 2969 1241 3036 consuetudinibus
1279 2969 1445 3057 praedictis

399 3071 577 3136 secundum
601 3071 689 3158 quod
711 3095 769 3159 per
791 3073 930 3138 eundem
954 3073 1112 3159 Majorem
1136 3078 1170 3137 et
1191 3073 1279 3138 cives
1301 3073 1445 3159 recogni-

399 3177 471 3238 tum
494 3178 551 3240 cst

443 3287 522 3354 Post
544 3295 707 3356 venerunt
729 3289 845 3355 ballivi
867 3290 1031 3377 praedictae
1053 3290 1172 3368 hethas,
1188 3294 1222 3356 et
1244 3311 1446 3376 conquerim-

398 3396 455 3455 tur
476 3392 565 3478 quod
586 3397 661 3480 post
695 3393 885 3480 praedictam
919 3393 1182 3479 recognitionem,
1215 3393 1446 3480 applicuerunt

397 3493 472 3558 xiiii
501 3517 601 3560 naves
623 3493 814 3561 'forinsecae
837 3494 926 3582 apud
949 3493 1191 3582 Billingesgate,
1214 3516 1289 3580 quae
1323 3494 1443 3560 debue-

397 3600 477 3660 runt
501 3597 693 3684 applicuisse
716 3597 759 3662 ad
780 3597 970 3683 praedictam
992 3597 1135 3662 hetham.
1192 3597 1237 3663 Et
1266 3597 1339 3662 ideo
1369 3619 1443 3662 con-

397 3697 575 3763 sideratum
598 3705 657 3776 cst,
680 3700 767 3785 quod
791 3699 818 3764 si
841 3699 953 3785 aliqua
975 3699 1069 3764 navis
1091 3699 1257 3778 forinseca,
1280 3721 1355 3765 eum
1378 3701 1443 3787 pis-

396 3799 496 3880 cibus,
519 3795 555 3866 in
597 3801 701 3867 forma
738 3802 894 3889 praedicta
929 3801 1124 3889 applicuerit
1155 3802 1235 3867 alibi
1265 3823 1365 3889 quam
1399 3803 1441 3868 ad

396 3903 586 3989 praedictam
608 3904 751 3982 hotham,
773 3905 817 3969 sit
851 3905 887 3969 in
913 3904 1133 3970 misericordia
1165 3905 1300 3970 Domini
1335 3905 1442 3992 Regis,

395 4005 518 4071 scilicet
539 4007 582 4071 ad
613 4006 649 4071 xl
683 4006 809 4072 solidos.
876 4005 921 4070 Et
954 4007 1025 4072 haec
1058 4027 1156 4094 poena
1185 4007 1291 4073 locum
1322 4007 1444 4073 habeat

395 4129 498 4195 usque
521 4110 564 4174 ad
587 4130 691 4174 unum
713 4131 857 4174 mensem
879 4112 954 4196 post
976 4109 1113 4174 Festum
1136 4107 1250 4175 Sancti
1273 4109 1442 4176 Michaelis

394 4209 456 4276 hoc
477 4233 571 4278 anno.
616 4209 662 4276 Et
676 4211 816 4289 interim,
839 4211 1017 4278 secundum
1039 4212 1328 4299 transgressionem
1349 4233 1442 4277 suam

429 4569 435 4599 ¹
449 4568 513 4620 This
524 4570 594 4620 word
610 4567 632 4621 is
650 4568 753 4622 omitted
772 4569 800 4620 in
817 4567 893 4621 ruer
971 4569 1138 4620 'Thermus
1154 4573 1171 4600 “
1183 4569 1356 4636 ramptano
1368 4570 1384 4596 ”
1401 4585 1445 4622 are

396 4645 475 4700 Hm.
938 4647 1444 4713 mcumouirvorcstnzuerflm.
