3456 5734
400 745 464 811 450
797 761 975 812 sensnum
998 761 1032 812 11.

400 947 415 970 ‘¹
439 935 552 1002 bonde.
611 933 793 1000 Habebunt
826 937 959 1023 insuper
992 934 1063 1010 sibi,
1095 939 1130 1000 ct
1162 933 1333 1010 tenebunt,
1356 933 1439 999 duas

401 1048 416 1072 “
439 1059 580 1103 cameras
594 1037 755 1114 honestas,
771 1037 949 1104 existentes
971 1037 1007 1102 in
1022 1037 1127 1124 capite
1143 1036 1305 1102 Orientali
1322 1037 1439 1124 magni

402 1150 418 1176 “
440 1140 549 1206 solarii
573 1139 658 1206 infra
680 1145 772 1227 septe
794 1141 909 1206 domus
932 1140 1105 1227 praedictae,
1120 1144 1154 1205 et
1170 1139 1334 1226 quoddam
1350 1139 1441 1204 eliud

401 1243 593 1310 “solarium
631 1243 843 1332 propinquius
881 1266 922 1309 ex
959 1249 1050 1330 parte
1083 1243 1241 1320 Austreii,
1263 1264 1332 1308 une
1365 1263 1440 1307 oum

402 1347 551 1412 “liberis
573 1345 763 1412 introitibus
785 1355 819 1412 et
851 1346 1004 1424 exitibus,
1027 1351 1126 1432 atque
1157 1345 1357 1412 eisiamentis
1379 1366 1440 1408 un-

400 1460 416 1484 “
439 1448 537 1535 dique
561 1448 662 1514 eundi
685 1454 718 1515 et
741 1449 899 1514 redeundi
914 1449 1006 1514 intus
1029 1453 1063 1515 et
1085 1449 1238 1526 exterius,
1254 1471 1313 1536 pro
1328 1467 1440 1514 comm

401 1563 416 1586 “
441 1551 536 1617 libito
558 1551 747 1628 voluntatis,
770 1554 840 1618 sine
862 1552 973 1638 aliqua
995 1552 1159 1618 occasione
1181 1559 1215 1618 et
1237 1551 1347 1637 aliqua
1367 1571 1442 1616 con-

403 1662 419 1688 “
442 1653 648 1732 tradietione,
670 1653 821 1720 omnibus
849 1653 964 1720 diebus
997 1655 1076 1720 vitae
1109 1675 1243 1734 eorum;
1275 1652 1325 1718 ita
1356 1652 1442 1739 quod

404 1764 421 1790 ‘¹
443 1777 509 1832 nos,
533 1755 613 1821 dicti
636 1755 794 1823 Custodes
818 1763 852 1822 et
886 1757 1025 1835 Fratres,
1048 1763 1082 1823 et
1115 1778 1308 1824 successores
1330 1755 1443 1832 nostri,

444 1859 486 1923 ad
523 1857 627 1923 dictas
666 1859 747 1924 duas
779 1881 920 1926 cameras
957 1864 992 1925 et
1029 1860 1182 1925 solarium
1228 1859 1443 1946 propinquius

404 1971 419 1996 ‘⁶
443 1961 673 2047 supradictum,
703 1963 743 2027 de
780 1964 909 2049 proprio
941 1967 1036 2028 custu
1066 1962 1180 2028 domus
1212 1960 1386 2049 praedictae,
1407 1960 1443 2024 iu

405 2073 421 2098 ‘¹
444 2063 603 2142 omnibus
626 2086 699 2129 cum
722 2085 849 2131 necesse
879 2065 986 2142 fucrit,
1017 2064 1221 2152 integraliter
1243 2062 1442 2130 sustentabi-

405 2176 421 2200 “
443 2189 523 2243 mus,
545 2167 775 2254 reparabimus,
805 2173 839 2233 et
860 2167 931 2233 fieri
953 2168 1117 2234 faciemus.
1170 2168 1341 2246 Praeterea,
1362 2166 1446 2232 bene

407 2269 556 2336 “licebit
579 2269 743 2357 praedictis
766 2270 909 2336 Henrioo
941 2275 975 2336 et
998 2269 1155 2350 Isebellae,
1178 2269 1446 2356 quandocumque

403 2383 421 2407 “
443 2371 613 2451 voluerint,
636 2378 833 2440 testamenta
855 2395 913 2439 sua
948 2372 1112 2452 lcondere,
1134 2378 1168 2440 et
1190 2374 1382 2460 cuicumque
1413 2379 1448 2438 et

404 2484 420 2510 “
442 2474 637 2560 ubicumque
666 2477 739 2563 ipsi,
763 2482 796 2542 et
827 2477 911 2542 alter
937 2499 1048 2542 eorum
1071 2477 1129 2562 qui
1160 2475 1286 2542 diutius
1314 2475 1446 2552 vixerit,

404 2586 420 2612 “
443 2578 551 2642 omnis
572 2577 658 2642 bona
687 2602 754 2658 sue,
788 2579 920 2644 mobiiia
950 2586 985 2646 et
1014 2577 1201 2658 immobilia,
1224 2577 1309 2656 dare,
1331 2578 1447 2666 legere,

405 2689 420 2713 “
443 2685 478 2745 et
507 2680 679 2766 assignare,
701 2687 736 2747 et
766 2681 806 2746 de
838 2682 959 2748 eisdem
994 2682 1144 2747 ordinere
1166 2680 1229 2768 [et]
1254 2680 1447 2768 disponere3

404 2793 419 2817 “
443 2782 489 2846 sic
522 2783 610 2868 quod
643 2789 828 2850 executores
859 2807 968 2851 eorum
999 2784 1124 2871 possint
1153 2784 1238 2861 inde,
1268 2782 1447 2849 secundum

405 2894 421 2919 “
445 2885 533 2970 quod
555 2885 591 2950 in
613 2907 724 2952 eorum
750 2887 869 2952 ultima
891 2888 1062 2954 voluntate
1085 2885 1294 2964 ordinabunt,
1317 2886 1446 2974 plenam

407 2997 421 3021 “
445 2992 478 3053 ct
501 2986 638 3052 liberem
661 2988 979 3056 administrationem
1003 2989 1161 3068 obtinere,
1184 2990 1306 3076 ebsque
1337 2989 1447 3075 aliquo

406 3099 420 3123 ‘¹
445 3090 685 3178 impedimento,
708 3093 874 3180 stetique
900 3094 1070 3171 oelumnia,
1105 3115 1162 3160 seu
1193 3091 1448 3159 contradictione

406 3203 421 3226 ‘¹
445 3198 479 3258 et
512 3195 778 3280 sequestratione,
801 3197 906 3261 nostri
938 3202 971 3262 et
1003 3215 1222 3262 successorum
1252 3201 1447 3275 nestrorum,

406 3305 422 3329 “
440 3293 502 3361 'seu
524 3297 660 3384 alicujus
682 3295 815 3364 alterius
843 3299 958 3364 domus
984 3299 1155 3387 praedictae.
1211 3297 1249 3365 si
1271 3319 1350 3366 vero
1372 3320 1448 3364 oon-

407 3407 424 3432 ‘·'
446 3399 556 3486 tingat
586 3399 674 3486 quod
697 3399 778 3467 dicti
802 3401 965 3468 Henricus
991 3406 1025 3468 et
1049 3401 1196 3479 isabella,
1226 3400 1336 3488 aliquo
1364 3407 1447 3468 tem-

407 3510 422 3533 “
445 3523 522 3588 pore
556 3502 644 3568 infra
675 3509 805 3591 tempus
835 3506 914 3571 vites
956 3527 1076 3583 eorum,
1108 3527 1129 3570 a
1163 3505 1259 3570 domo
1289 3503 1448 3592 praedicta

406 3613 421 3638 “
444 3603 612 3670 voluerint
635 3607 790 3685 recedere,
814 3613 847 3673 et
870 3631 909 3673 ea
931 3629 1004 3694 quae
1027 3607 1174 3696 superius
1197 3611 1276 3674 sunt
1297 3629 1449 3695 expressa

406 3715 422 3740 “
445 3707 619 3794 resignare,
646 3731 715 3786 nos,
738 3709 820 3776 dicti
844 3709 1003 3778 Custodes
1025 3717 1060 3777 et
1083 3711 1224 3790 Fratres,
1239 3707 1391 3776 volumus
1413 3716 1448 3774 et

406 3819 421 3843 “
444 3811 657 3892 consedimus,
682 3835 740 3901 pro
772 3813 866 3880 nobis
899 3819 933 3880 et
965 3813 1199 3880 suecessoribus
1229 3814 1359 3892 nostris,
1381 3834 1449 3877 non

406 3921 421 3946 “
446 3913 599 3978 obstante
621 3913 731 4000 aliquo
753 3915 885 3982 consilio
916 3938 973 3982 seu
995 3915 1229 4004 impedimento
1254 3914 1360 3982 nostri
1390 3937 1449 3982 seu

406 4025 422 4049 “
444 4015 560 4080 domus
583 4017 756 4102 praedietee,
779 4019 866 4104 quod
888 4017 960 4106 ipsi,
991 4041 1050 4107 pro
1084 4041 1195 4085 eorum
1222 4039 1311 4086 mera
1333 4018 1451 4085 volun-

285 4111 287 4120 ’
406 4127 422 4151 “
445 4123 522 4196 tate,
545 4119 656 4184 omnia
679 4143 751 4206 quae
774 4122 897 4188 hebent
919 4121 1006 4187 infra
1040 4121 1184 4187 clausum
1207 4121 1304 4187 dictae
1334 4120 1449 4186 domus

407 4232 421 4256 ‘⁴
445 4221 617 4288 extrahere
640 4223 764 4289 faciant
786 4230 819 4290 et
852 4225 1047 4312 possideant,
1070 4229 1168 4312 prout
1190 4223 1253 4289 sibi
1276 4221 1391 4289 melius
1414 4230 1449 4289 et

406 4332 424 4360 “
445 4324 562 4390 utilius
576 4325 746 4391 videbitur
768 4327 930 4416 expedire,
945 4333 1041 4394 extra
1062 4328 1183 4394 limites
1205 4327 1303 4393 dictae
1325 4327 1450 4404 domus,

263 4415 368 4465 ΜΗ
407 4436 423 4466 “
446 4429 489 4494 ed
511 4428 771 4495 inhabitandum
805 4432 943 4518 propriis
977 4429 1163 4517 sumptibus
1184 4451 1297 4495 comm
1320 4451 1353 4495 se
1376 4449 1450 4517 pro

699 4727 704 4755 ¹
719 4723 873 4789 incorrectly
884 4723 982 4774 written
1002 4717 1159 4774 ‘concedere'
