3456 5734
428 807 493 870 412
837 820 1016 870 mearum
1039 823 1059 870 1.

426 1009 584 1091 suffolke
620 1008 862 1090 Aldermannia,
887 1009 941 1075 die
973 1008 1078 1076 Lunae
1102 1009 1139 1074 in
1173 1007 1317 1105 crastino
1344 1007 1477 1074 Sanctae

426 1114 609 1196 Trinitatis,
635 1135 721 1180 anno
745 1111 844 1199 Regis
878 1112 1045 1191 Edwardi,
1079 1111 1141 1176 filii
1175 1111 1275 1198 Regis
1307 1110 1476 1192 Edwardi,

427 1215 669 1302 quartodecimo
681 1241 690 1296 ;
721 1235 830 1280 coram
868 1215 987 1301 quibus
1024 1218 1189 1280 venerunt
1227 1213 1396 1279 Gilbertus
1433 1213 1477 1278 de

427 1317 585 1384 Mordoue
607 1321 641 1382 et
664 1316 827 1382 Robertus
850 1317 891 1382 de
914 1316 1085 1402 Berkwey,
1120 1314 1269 1396 bladarii,
1292 1315 1351 1402 qui
1368 1315 1477 1402 jurati

390 1472 403 1488 ,
427 1441 485 1506 pro
500 1419 641 1484 veritate
664 1417 802 1484 dicenda
816 1417 958 1503 qualiter
974 1419 1177 1484 frumentum
1199 1417 1407 1484 vendebatur
1421 1415 1476 1481 die

426 1521 564 1588 Veneris
600 1521 751 1608 proximo
785 1520 963 1606 praeterito,
973 1519 1144 1584 --dicunt
1166 1541 1264 1606 super
1286 1539 1471 1584 sacramen-

425 1629 500 1688 tum
522 1643 626 1698 suum,
649 1619 736 1706 quod
759 1621 962 1706 quarterium
987 1620 1065 1686 boni
1086 1620 1245 1686 frumenti
1267 1619 1476 1685 vendebatur

425 1745 484 1812 pro
506 1723 567 1788 viii
600 1721 712 1788 solidis
743 1721 797 1787 die
820 1721 957 1788 Veneris
988 1722 1176 1808 praeterito;
1199 1721 1319 1808 quibus
1352 1721 1476 1787 additis

425 1827 475 1890 xii
498 1824 641 1891 denariis
671 1845 732 1912 pro
762 1825 912 1912 expensis
943 1825 1107 1911 pistorum
1129 1830 1164 1890 et
1185 1825 1259 1890 aliis
1286 1825 1475 1889 necessariis

426 1930 511 1996 circa
531 1927 748 2017 pistaeionem
771 1927 877 2006 factis,
894 1927 983 1992 valet
1005 1927 1210 2014 quarterium
1225 1948 1301 1992 oum
1323 1925 1476 2013 expensis

425 2033 463 2098 ix
484 2031 610 2098 solidos
664 2030 710 2095 Et
739 2030 786 2095 sic
808 2029 1005 2117 ponderabit
1037 2029 1133 2116 panis
1155 2029 1282 2096 levatus
1305 2029 1347 2094 de
1368 2029 1474 2107 chola,

258 2149 331 2232 θρὶξ
347 2150 397 2234 ⁰⁰⁵
425 2140 466 2201 ut
487 2138 582 2222 patet
604 2155 661 2220 per
692 2153 852 2219 assayum,
886 2131 961 2196 xliii
970 2154 993 2197 s.
1033 2131 1071 2196 iii
1089 2132 1120 2197 d.
1143 2137 1249 2218 quart.
1315 2131 1361 2199 Et
1391 2153 1476 2218 prae·

257 2251 301 2332 ⁸01,
320 2252 344 2302 .¹¹
380 2255 393 2286 θ
425 2239 514 2304 fatus
548 2236 731 2302 Willelmus
762 2236 794 2302 le
824 2235 905 2301 Bole
939 2235 1041 2314 venit,
1074 2241 1108 2301 et
1142 2235 1224 2302 dicit
1255 2237 1345 2322 quod
1378 2236 1475 2324 panis

287 2352 299 2384 a
348 2373 355 2386 ·
425 2340 603 2430 praedictus
633 2361 703 2404 non
739 2344 790 2405 est
828 2361 915 2418 suus,
944 2360 1004 2404 nec
1044 2338 1189 2424 aliquam
1227 2343 1357 2426 partem
1394 2338 1474 2405 inde

424 2447 548 2525 habet3
570 2448 606 2509 et
628 2442 713 2530 petit
736 2442 824 2529 quod
846 2443 907 2508 hoc
929 2441 1124 2528 inquiratur.

470 2547 550 2614 Ideo
582 2545 708 2612 dictum
739 2550 790 2611 est
812 2543 979 2610 Willelmo
1020 2544 1246 2623 Prodhomme,
1270 2544 1473 2623 Vioeoomiti,

425 2649 514 2738 quod
536 2649 703 2716 custodiat
717 2669 833 2734 corpus
854 2669 952 2712 suum
972 2669 1075 2733 usque
1097 2647 1186 2714 diem
1206 2647 1362 2713 Mercurii
1377 2668 1475 2734 prox-

425 2755 491 2820 ime
535 2757 744 2838 sequentem
782 2754 816 2816 et
850 2755 1051 2838 praeceptum
1088 2756 1139 2816 est
1171 2749 1278 2829 doceo,
1317 2750 1474 2815 servienti
1565 2749 1567 2754 ’
1625 2825 1629 2840 Ι

427 2855 582 2934 Gamerae,
605 2852 694 2939 quod
716 2850 829 2918 venire
851 2851 951 2917 faciat
972 2853 1026 2917 hic
1048 2852 1091 2918 ad
1113 2851 1254 2918 eundem
1276 2851 1364 2918 diem
1387 2849 1473 2916 niiilll

426 2957 467 3022 de
482 2955 688 3044 probioribus
711 2953 899 3018 hominibus
914 2951 1048 3020 Wardae
1071 2955 1112 3020 de
1127 2953 1320 3020 Brcdstrata
1343 2957 1377 3020 et
1399 2953 1474 3019 aliis

426 3058 558 3125 Wardis
580 3055 877 3145 propinquioribus,
900 3059 959 3121 etc

470 3161 525 3228 Ad
548 3183 645 3248 quem
680 3159 767 3224 diem
789 3160 882 3224 venit
905 3158 1061 3246 praefatus
1077 3158 1260 3224 Willelmus
1282 3157 1345 3223 sub
1368 3161 1475 3222 custo-

424 3267 481 3331 dia
495 3263 576 3330 dicti
591 3261 808 3340 vicecomitis,
824 3266 859 3326 et
874 3260 931 3326 alii
947 3261 1041 3348 probi
1063 3260 1213 3326 homines
1229 3260 1324 3326 diae
1339 3257 1473 3325 Wardae

425 3373 460 3434 et
489 3367 629 3432 aliarum
657 3363 857 3430 Wardarum
880 3363 1157 3450 propinquiorum,
1197 3383 1255 3448 per
1293 3359 1473 3449 Hugonem

425 3471 466 3536 de
481 3467 700 3545 Asshebume‚
724 3464 902 3530 Ricardum
930 3464 1068 3542 Cotorel,
1099 3463 1287 3530 Johannem
1310 3462 1351 3528 de
1366 3462 1473 3548 Wyn·

423 3571 522 3650 tonia,
546 3570 723 3636 Ricardum
746 3568 786 3633 do
809 3567 995 3645 Ailesbiria,
1019 3567 1209 3634 Johannem
1235 3566 1276 3632 de
1293 3564 1471 3646 Gornubia,

425 3675 612 3741 Hamonem
636 3671 766 3749 Cocum,
793 3669 979 3734 Walterum
1000 3669 1031 3734 le
1056 3668 1213 3749 Barbour,
1236 3666 1470 3732 Alexandrum

424 3780 465 3845 de
488 3775 669 3863 Morpathe‚
694 3773 803 3838 Adam
834 3771 875 3837 de
892 3771 1088 3849 Bredstrcte,
1114 3770 1297 3836 Robertum
1320 3768 1361 3833 de
1384 3768 1472 3834 Nor·

424 3881 612 3966 hamptune,
623 3875 826 3941 Willelmum
841 3873 873 3938 le
889 3872 1038 3951 Brasour‚
1055 3877 1090 3937 et
1101 3871 1304 3937 Willelmum
1320 3868 1343 3935 J
1344 3891 1405 3956 oye
1418 3894 1471 3934 :—

424 3982 482 4069 qui
500 3979 606 4068 jurati
629 3978 745 4044 dicunt
768 3994 865 4064 super
886 3978 1127 4041 sacramentum
1150 3995 1254 4050 suum,
1279 3971 1367 4059 quod
1389 3994 1473 4059 prae·

423 4086 512 4168 latus
548 4080 732 4147 Willelmus
762 4079 793 4144 le
831 4077 910 4144 Bole
947 4081 982 4142 et
1012 4075 1168 4165 praefatus
1208 4073 1393 4140 Willelmus
1431 4074 1472 4141 de

422 4165 622 4263 stretforde,
654 4182 801 4270 pistores,
834 4183 914 4244 sunt
944 4179 1023 4244 socii
1054 4177 1097 4242 ad
1127 4176 1256 4243 lucrum
1278 4179 1313 4241 et
1335 4176 1470 4262 perditi-

424 4309 529 4370 onem,
563 4284 797 4374 participantes
819 4282 909 4346 inter
938 4303 972 4346 se
1003 4279 1158 4367 quicquid
1181 4279 1222 4344 de
1257 4277 1348 4344 lucro
1374 4299 1472 4343 causa

423 4389 614 4478 pistacionis
632 4384 751 4452 lucrari
766 4387 911 4472 possunt.
957 4381 1003 4448 Et
1017 4382 1112 4468 panis
1134 4380 1334 4468 ponderatus
1356 4380 1422 4444 fuit
1435 4385 1470 4446 et

423 4491 620 4581 ponderavit
631 4489 739 4554 xxxix
745 4511 767 4553 s.
781 4487 830 4552 iiii
837 4487 866 4552 d.
883 4485 974 4564 obol,
990 4489 1025 4550 et
1040 4483 1212 4550 deficiebat
1226 4481 1264 4547 iii
1276 4505 1299 4547 a
1312 4483 1372 4547 xd
1388 4483 1470 4548 obol

258 4597 411 4643 Pusssshmfflt
470 4593 516 4658 Et
538 4592 616 4678 quia
637 4591 794 4678 praefatus
817 4588 1001 4654 Willclmus
1024 4587 1054 4650 le
1070 4585 1149 4650 Bolc
1171 4585 1276 4672 primo
1300 4583 1471 4650 dedicabat

257 4701 391 4805 ffigbpossqg
424 4697 619 4786 praedictum
655 4715 782 4780 panem,
804 4696 839 4758 et
861 4689 939 4756 inde
960 4689 1071 4778 possut
1092 4710 1127 4754 se
1148 4689 1184 4753 in
1208 4686 1468 4774 Inquisitiouem
