3456 5734
353 774 528 826 nxrssors
552 773 647 824 mon
668 773 739 824 rus
762 772 864 822 unam
885 769 1189 821 usuounnnoaun.
1229 756 1293 819 445

293 961 349 1026 Ad
372 961 442 1028 heee
466 960 575 1026 omnia
596 957 817 1046 suprascripta
838 963 973 1036 statuta,
996 957 1038 1022 ad
1070 958 1173 1023 totius
1204 957 1298 1044 regni
1310 978 1422 1074 qm!
1446 1029 1456 1072 s

249 1063 457 1128 commodum
480 1061 635 1141 confecta,
658 1059 800 1126 fideliter
822 1059 1044 1136 custodienda,
1076 1065 1110 1125 et
1142 1060 1296 1124 amercia-
1310 1081 1352 1124 tna
1360 1040 1461 1123 motio

250 1169 363 1230 menta
379 1164 641 1250 delinquentium
656 1183 731 1228 eum
745 1161 959 1227 forisfeoturis
973 1161 1121 1240 levanda,
1131 1165 1165 1226 et
1181 1161 1295 1228 Game—
1312 1131 1440 1174 ''em''

250 1267 344 1332 rariis
368 1265 524 1332 Civitatis
556 1265 731 1352 praedictae,
754 1265 811 1351 qui
845 1286 933 1330 nune
964 1268 1044 1330 sunt
1070 1269 1104 1330 et
1127 1286 1185 1351 pro
1216 1268 1300 1330 tem-

251 1389 329 1454 pore
362 1373 469 1445 erunt,
499 1366 704 1454 mtegraliter
734 1367 903 1444 tradenda,
935 1365 977 1431 ad
1009 1387 1092 1453 opus
1129 1387 1300 1432 commune

251 1470 406 1555 ejusdem,
421 1470 590 1556 elegerunt
612 1469 762 1556 praedicti
785 1469 918 1534 alutarii
940 1469 988 1532 xii
1013 1469 1131 1555 probos
1153 1469 1301 1534 homines

251 1578 286 1636 et
308 1571 436 1658 legales,
451 1571 597 1657 ejusdem
620 1569 717 1636 officii
741 1569 902 1636 Custodes
925 1570 1127 1658 principales,
1150 1592 1208 1657 pro
1231 1592 1300 1636 om-

252 1673 350 1738 nibus
368 1673 505 1758 juratos,
528 1695 635 1738 eorem
659 1672 784 1759 Mejore
806 1679 840 1739 et
863 1673 1007 1750 Ballivis,
1031 1673 1121 1759 quod
1149 1673 1300 1750 fideliter,

251 1781 350 1862 prout
372 1779 423 1840 est
444 1774 656 1853 antedictum,
679 1775 791 1840 omnia
819 1776 1005 1863 subscripta
1028 1776 1164 1842 Statuta
1194 1782 1302 1842 eusto-

252 1878 351 1956 dient,
375 1900 449 1941 eum
472 1876 618 1943 subsidio
641 1877 893 1956 communitatis,
916 1884 951 1944 et
973 1879 1222 1945 amerciamenta
1254 1901 1301 1944 se-

252 1980 396 2046 eundum
427 2001 520 2066 posse
554 2001 650 2044 suum
684 1980 852 2058 levabunt,
875 1985 910 2046 et
937 2002 1049 2046 eorum
1077 1982 1211 2046 nomina
1242 1983 1300 2066 qui

251 2082 517 2149 contravenerint
550 2083 715 2169 praediotis
738 2082 856 2169 Majori
878 2088 913 2148 et
935 2083 1073 2150 Ballivis
1104 2085 1140 2148 in
1173 2084 1303 2171 seriptis

253 2186 394 2262 tradent,
416 2189 456 2250 ut
479 2184 707 2268 delinquentes
741 2186 920 2252 secundum
943 2188 1166 2273 quantitatem
1188 2186 1301 2252 delicti

253 2289 440 2376 puniantur.
486 2286 620 2354 Nemini
643 2293 785 2375 parcent,
807 2310 866 2354 neo
888 2289 1010 2375 injuste
1033 2291 1186 2378 cuiquam
1210 2311 1302 2355 noee-

253 2391 346 2468 bunt,
369 2389 483 2475 gratia,
515 2390 598 2466 odio,
632 2391 757 2468 timore,
789 2390 843 2457 vel
876 2391 998 2470 favore,
1032 2391 1089 2458 sed
1123 2393 1300 2458 seeundum

254 2493 362 2558 Deum
385 2495 420 2556 et
437 2491 605 2577 justitiam
627 2493 663 2557 in
685 2493 837 2559 omnibus
861 2491 1068 2581 ¹prooedent.

298 2594 444 2658 Nomina
474 2592 657 2660 Custodum
688 2596 723 2659 in
754 2595 848 2661 dorso
879 2597 1050 2684 praesentis
1080 2598 1194 2684 scripti
1224 2599 1304 2664 eiro-
1342 2609 1406 2654 1²·81·
1415 2621 1436 2654 a.

254 2696 405 2783 graphati
427 2695 659 2777 indorsentur;
693 2698 750 2782 qui
781 2698 887 2764 eidem
920 2699 1027 2786 sigifla
1058 2721 1118 2764 sua
1148 2721 1305 2787 apposue-

254 2805 340 2863 runt.
387 2797 434 2861 Et
454 2799 637 2864 morabitur
659 2821 726 2864 una
754 2801 887 2887 purs'in
910 2799 1076 2868 Thesauro
1091 2801 1255 2881 Civitatis,
1271 2807 1305 2868 et

255 2901 357 2968 altera
379 2923 455 2988 pers
478 2923 576 2988 penes
599 2901 762 2969 Custodes
785 2902 889 2969 officii.

389 3169 657 3238 Ooowuetude'aes
689 3170 815 3237 Veteres
836 3171 875 3238 de
896 3172 993 3260 Ripa
1014 3174 1162 3260 Reptnae.
1345 3172 1440 3216 ΡΜ-

299 3309 462 3375 Dominus
477 3309 549 3374 Rex
564 3307 735 3374 mandavit
757 3308 899 3374 Domino
915 3308 1080 3376 Willelmo
1095 3311 1137 3377 de
1152 3311 1306 3391 Eboreoo
1319 3343 1426 3388 cmm.

259 3412 439 3499 Praeposito
455 3411 617 3490 Beverlee‚
633 3416 669 3478 et
685 3410 830 3477 Henrioo
853 3411 893 3476 de
909 3411 1081 3491 Bethonia,
1096 3419 1131 3480 et
1153 3413 1176 3480 J
1178 3416 1306 3481 eremite
1319 3393 1426 3548 ff?

258 3515 299 3580 de
322 3513 480 3591 Caxtone,
503 3535 589 3578 enno
620 3514 713 3600 regni
746 3512 844 3599 Regis
868 3512 1014 3594 Henriei‚
1036 3515 1098 3580 filii
1122 3515 1221 3603 Regis
1246 3495 1455 3589 Jemiid'tr

258 3616 384 3694 hanun,
410 3615 526 3694 xxvio,
548 3621 583 3681 ee
612 3615 707 3680 socos
738 3616 813 3693 sus,
843 3615 1042 3682 suessan
1066 3619 1306 3686 lantrannus
1319 3597 1400 3648 ⁸⁰¹¹*
1409 3595 1456 3639 ¹¹¹·

258 3720 346 3807 apud
379 3718 509 3783 'Prn'rim
542 3717 794 3795 Londoniarum,
828 3719 915 3803 quod
947 3722 1036 3786 omni
1070 3720 1242 3809 diligentia
1272 3731 1307 3790 et

259 3822 363 3888 modis
395 3819 515 3907 quibus
549 3825 738 3907 potuerunt,
769 3819 933 3907 inquirere
966 3822 1090 3889 faciant
1123 3845 1198 3910 quae
1231 3847 1306 3892 oon-

258 3925 448 3992 suetudines
463 3922 670 4011 pertinebant
689 3922 732 3988 ad
748 3921 895 3989 Hetham
912 3925 1048 4013 Reginae
1063 3926 1307 3994 Londonierum

258 4049 343 4094 anno
366 4023 538 4114 proximo²
559 4030 637 4092 ante
669 4047 820 4112 guerram
851 4031 974 4094 motam
1005 4030 1093 4096 inter
1127 4030 1307 4097 Dominum

257 4129 281 4195 J
281 4130 443 4196 ohannem
459 4127 590 4218 Regem,
606 4133 732 4214 patrem
748 4151 853 4206 suum,
868 4133 903 4195 et
918 4131 1061 4198 Berones
1076 4155 1152 4200 suos
1167 4136 1306 4222 Angiiae.

258 4233 399 4298 Etcum
422 4231 463 4297 de
485 4229 776 4296 consuetudinibus
809 4231 874 4296 illis
905 4237 939 4298 et
961 4233 1034 4299 eliis
1057 4256 1129 4320 ques
1160 4239 1203 4303 ad
1224 4259 1307 4324 pra.L

260 4336 381 4401 dictam
413 4334 547 4399 hethsm
580 4331 789 4420 pertinebant
811 4339 957 4422 tempore
983 4337 1140 4423 praedicto
1163 4341 1209 4404 eis
1231 4361 1306 4405 eon-

295 4542 301 4572 ¹
315 4539 426 4592 written
437 4542 444 4568 ‘
449 4537 600 4604 procedunt)
807 4547 892 4590 recent
908 4542 1001 4607 period,
1014 4558 1061 4595 see
1081 4543 1157 4598 liter
1168 4544 1254 4610 Albus,
1265 4563 1307 4613 pp.

294 4620 367 4670 'For
377 4634 410 4670 au
421 4625 528 4670 recount
544 4619 575 4669 of
585 4619 628 4670 the
645 4618 762 4671 Customs
809 4623 866 4679 2³8,
878 4626 935 4672 240.

262 4700 345 4752 leviat
362 4707 389 4750 et
408 4698 596 4765 Qum-Bythe
615 4706 641 4750 et
660 4715 675 4750 a
694 4713 763 4750 more
