3456 5734
349 779 522 832 sxraaors
547 781 640 831 6666
663 783 732 832 666
755 783 858 832 mssa
879 781 1181 834 666666666666.
1223 770 1289 836 113

241 969 408 1058 praedictae
438 969 480 1036 ad
512 970 621 1035 minus
653 969 841 1049 satisfaciat,
876 977 910 1037 et
944 972 985 1036 de
1019 971 1145 1038 duobus
1177 972 1290 1038 solidis

241 1073 277 1138 in
315 1071 500 1138 subsidium
532 1093 713 1158 pauperum
747 1073 883 1140 tribuat.
939 1071 976 1140 Si
1005 1095 1082 1140 vero
1113 1078 1290 1142 extraneus

241 1173 383 1242 officium
421 1174 587 1238 basanarii
624 1173 782 1260 praedicto
820 1176 917 1242 modo
953 1176 1096 1244 voluerit
1133 1199 1290 1256 exercere,

242 1278 334 1364 prius
357 1276 399 1342 dc
425 1299 474 1342 xx
496 1275 609 1342 solidis
640 1299 821 1344 communae
845 1278 1011 1364 praedictae
1036 1279 1225 1359 satisfaciat,
1256 1286 1291 1346 et

242 1379 441 1467 pauperibus
474 1380 515 1445 de
549 1379 677 1449 duobus
711 1379 831 1457 solidis,
857 1387 956 1466 prout
981 1382 1130 1469 superius
1157 1388 1206 1449 est
1235 1405 1291 1448 ex-

241 1505 397 1569 pressum.
457 1479 630 1559 Praeterea‚
667 1482 778 1548 nullus
815 1488 989 1548 extraneus
1026 1485 1159 1570 aliquod
1188 1507 1291 1572 ganas

242 1585 447 1652 calciamenti
469 1586 506 1651 in
529 1583 676 1650 Ciuitate
698 1605 757 1650 666
790 1585 826 1648 16
857 1586 1014 1652 suburbio
1047 1587 1291 1652 Londoniarum

242 1687 369 1752 vendat
394 1710 452 1774 per
483 1687 648 1773 porcellos,
675 1685 791 1750 sedin
812 1708 941 1772 gross03
978 1695 1012 1752 ct
1045 1689 1169 1774 siquis
1198 1690 1294 1756 aliter

243 1788 363 1866 fecerit,
386 1790 502 1876 perdet
532 1789 616 1854 illud
638 1789 864 1874 quodcumque
890 1812 1001 1876 genus,
1024 1795 1060 1856 et
1082 1792 1295 1858 nihilominus

244 1891 351 1958 solvat
380 1913 512 1978 poenam
544 1893 821 1980 praenominatam.
867 1891 1014 1978 Insuper,
1045 1892 1086 1958 do
1115 1893 1295 1960 basanariis

244 1995 357 2060 taliter
390 1999 441 2058 cst
477 1998 651 2072 statutum,
686 1994 774 2078 quod
805 1993 915 2058 nullus
947 2016 1067 2072 corum,
1101 1996 1163 2061 sub
1195 2019 1295 2083 poena

243 2097 409 2184 praedicta,
425 2097 460 2160 in
483 2095 648 2180 aliquibus
675 2095 833 2162 nundinis
855 2096 962 2162 locum
985 2097 1094 2184 capiat
1108 2121 1166 2165 seu
1181 2104 1294 2165 teneat

244 2201 331 2264 inter
364 2198 542 2274 allutarios,
574 2198 631 2262 sed
658 2198 737 2263 alibi
764 2219 822 2284 per
853 2219 896 2276 se,
927 2198 985 2263 ubi
1016 2201 1133 2265 melius
1163 2203 1293 2286 poterit,

244 2307 278 2366 ct
311 2300 374 2366 sibi
406 2300 530 2366 viderit
564 2299 726 2386 expedire.
786 2300 881 2377 Item,
918 2301 1030 2366 nullus
1064 2302 1292 2390 praedictorum

243 2401 421 2468 officiorum
444 2401 506 2466 sub
528 2402 642 2468 eadem
666 2423 773 2488 prena,
795 2402 902 2466 cidem
924 2425 1105 2470 communae
1127 2405 1292 2482 solvenda,

244 2505 379 2571 alterius
394 2504 591 2590 servientem
609 2504 645 2568 in
668 2505 804 2570 servitio
819 2526 879 2570 suo
901 2506 1044 2592 recipiat,
1067 2529 1126 2572 neo
1149 2509 1192 2574 ad
1217 2532 1292 2574 oum

244 2609 356 2674 venire
388 2612 547 2694 procuret,
581 2607 645 2672 nisi
678 2606 765 2672 idem
799 2607 943 2672 serviens
976 2631 997 2672 a
1031 2610 1129 2695 priori
1161 2611 1293 2676 domino

243 2734 309 2790 suo,
333 2732 407 2776 cum
430 2731 495 2795 quo
517 2710 655 2786 steterit,
678 2709 768 2776 licite
790 2709 890 2775 firarit
912 2731 1062 2778 recessus.

241 2807 254 2833 ’
288 2813 411 2880 Nullus
433 2813 534 2878 etiam
565 2813 719 2889 serviens,
744 2811 806 2876 sub
837 2833 936 2899 poena
969 2814 1134 2900 praedicta,
1156 2839 1294 2904 appren-

243 2917 357 2982 ticium
381 2915 442 2980 sub
465 2937 499 2980 ss
522 2914 650 2991 habeat,
673 2937 729 2980 seu
752 2915 872 2980 habere
895 2923 1095 3004 praesumat;
1133 2940 1207 2985 cum
1234 2919 1294 2986 hoc

245 3017 386 3084 ¹oetleret
401 3018 438 3082 in
452 3015 642 3103 praejudioio
657 3016 874 3082 dominorum·
883 3039 1024 3095 suorum,
1039 3023 1074 3084 et
1088 3021 1293 3086 amissionem

243 3120 479 3186 vehementem
544 3118 639 3194 Item,
685 3118 796 3184 nullus
834 3120 1064 3205 praedictorum
1107 3121 1293 3202 officiorum,

243 3227 343 3309 prout
360 3220 576 3286 communiter
590 3225 641 3284 cst
663 3223 837 3296 statutum,
860 3219 970 3306 plures
992 3223 1172 3290 servientes
1194 3248 1293 3311 quam

243 3329 318 3390 octo
340 3323 425 3388 circa
457 3345 492 3388 se
525 3323 668 3388 retineat
680 3347 689 3401 ;
723 3322 771 3388 ita
804 3323 892 3406 quod
921 3326 1148 3412 unusquisque
1181 3351 1292 3393 corum

242 3427 424 3494 servientes
453 3445 529 3490 suos
551 3423 595 3488 ad
618 3445 731 3510 pacem
754 3423 889 3488 Domini
913 3424 1012 3512 Regis
1038 3428 1143 3513 possit
1165 3429 1292 3508 habere,

242 3535 277 3594 ct
299 3551 358 3616 pro
380 3528 510 3602 eisdem,
534 3548 607 3592 cnm
634 3547 762 3592 necesse
785 3525 893 3602 fisarit,
915 3529 1116 3614 respondere,
1139 3537 1174 3596 et
1196 3533 1292 3617 quod,

243 3655 310 3720 prae
332 3631 547 3696 multitudine
569 3629 791 3706 servientium,
814 3651 879 3715 pax
902 3629 1037 3696 Domini
1066 3633 1170 3698 nostri
1194 3634 1292 3722 Regis

243 3733 393 3820 praedicti
408 3753 615 3818 nequaquam
630 3730 779 3798 laedatur.
826 3730 921 3808 Item,
937 3733 1047 3799 nullus
1062 3735 1291 3820 praedictorum

244 3834 429 3909 officiorum,
444 3833 506 3898 sub
523 3855 622 3920 poena
644 3833 840 3919 supradicta,
854 3836 981 3920 operari
1003 3835 1102 3902 faciat
1125 3838 1166 3904 dc
1189 3846 1292 3916 nocte,

241 3939 330 4004 inter
353 3935 489 4002 Festum
513 3935 626 4002 Sancti
649 3935 818 4001 Michaelis
837 3941 872 4000 61
894 3937 1114 4006 Nativitatem
1138 3939 1293 4022 Domini;

243 4040 393 4125 nullique
416 4060 536 4115 eorum,
559 4037 622 4104 sub
644 4037 757 4104 eadem
788 4060 893 4126 poena,
916 4039 1012 4106 liceat
1034 4041 1167 4129 aliquod
1188 4067 1291 4131 genus

245 4142 450 4208 calciamenti
488 4145 582 4206 extra
619 4139 754 4225 shopam
791 4163 884 4206 suam
918 4142 961 4206 atl
998 4145 1220 4210 consuendum
1258 4153 1292 4214 et
1350 4227 1355 4238 Ι
1390 4207 1424 4240 s

241 4245 460 4332 reparandum
481 4243 620 4318 tradere,
641 4262 700 4306 666
722 4243 965 4323 transmittam
996 4244 1075 4330 quia
1104 4246 1292 4334 frequenter

242 4347 362 4413 accidit
383 4345 471 4432 quod
494 4345 680 4421 servientes
703 4365 778 4408 cum
799 4345 869 4412 sint
899 4347 935 4410 in
968 4350 1166 4433 possessione
1190 4351 1293 4420 domi-

243 4473 360 4516 norum
383 4469 525 4525 suorum,
540 4447 654 4512 illicite
676 4445 843 4524 recedunt,
858 4452 892 4512 et
914 4447 1008 4529 bona,
1025 4471 1099 4536 quae
1121 4475 1164 4518 ex
1178 4454 1291 4541 hujus.

512 4727 521 4758 ¹
537 4727 647 4778 Writtan
670 4731 677 4756 ⁴
689 4703 802 4788 cederat?
813 4729 848 4793 by
859 4729 1042 4782 inadvertencc.
