3456 5734
386 782 561 835 nxrnncrs
585 785 679 834 raon
701 783 771 834 rnn
793 784 895 834 mma
916 784 1218 837 nrnorlunonnu.
1263 773 1331 843 437

327 979 343 1010 “
359 970 552 1048 Edwardus,
583 969 650 1036 Dei
680 970 786 1058 gratia
818 969 892 1037 Rex
914 969 1053 1058 Angliae,
1076 976 1145 1050 eto,
1177 973 1329 1038 omnibus
1342 995 1491 1060 nxqmpuom

280 1074 364 1140 “ad
407 1095 487 1160 quos
536 1077 713 1161 praesentes
758 1072 862 1139 liurae
910 1075 1127 1160 pervenerint,
1180 1075 1328 1142 salutem
1340 1059 1477 1152 “iosos

1382 1112 1396 1142 u

279 1185 297 1213 “
320 1177 439 1243 Sciatis
462 1177 646 1262 quodcum
670 1173 784 1261 Major,
806 1174 1031 1253 Aldermanni,
1053 1181 1088 1242 et
1110 1177 1219 1242 oaeteri
1242 1200 1329 1244 erves
1341 1149 1477 1254 mriuhpin.

281 1279 426 1344 “nostri
458 1277 700 1344 Londoniarum
733 1277 990 1364 quadringentas
1020 1278 1121 1344 libras
1154 1279 1248 1345 nobis
1271 1304 1329 1368 per

280 1391 297 1419 “
319 1403 436 1447 manus
470 1379 581 1446 dilecti
613 1385 648 1445 et
678 1377 783 1446 fidelis
812 1381 916 1446 nostri
939 1379 1079 1446 Walten'
1102 1381 1142 1447 ds
1166 1381 1327 1462 Norwico,

281 1493 297 1519 “
320 1482 527 1550 'lbesaurarii
557 1482 669 1559 nostri,
704 1486 820 1547 mutuo
842 1481 974 1547 liberari
997 1483 1152 1560 fecerunt,
1175 1484 1218 1550 ad
1240 1507 1328 1572 qure-

279 1595 296 1622 “
319 1587 395 1651 dam
417 1585 551 1671 negotia
572 1589 685 1648 nostra
706 1584 917 1670 expedienda,
948 1605 1008 1651 nos
1038 1584 1184 1652 volentes
1206 1587 1328 1653 eisdem

280 1698 297 1724 ‘⁴
321 1687 448 1773 Majori,
482 1686 720 1764 Aldermannia
743 1692 777 1752 et
799 1687 925 1752 caeteris
948 1687 1076 1754 civibus
1099 1688 1139 1755 ds
1162 1688 1251 1754 dieta
1272 1713 1327 1776 pe-

280 1801 297 1828 “
321 1791 427 1856 cuniae
458 1811 587 1856 summa
621 1787 815 1867 satisfacere,
846 1793 886 1886 ut
920 1795 1078 1869 tenemur,
1111 1793 1327 1880 concessimus

281 1902 297 1930 ‘⁸
320 1894 367 1958 eis
389 1891 476 1979 quod
499 1891 534 1956 in
558 1891 708 1978 proximo
730 1891 856 1958 auxilio
878 1891 973 1957 nobis
995 1893 1032 1958 in
1048 1892 1193 1960 Ciuitate
1215 1900 1328 1960 nostra

281 2004 297 2030 ‘⁴
319 1995 484 2083 praedicta,
516 1992 633 2058 souin
657 1992 826 2060 Comitatu
858 1993 1091 2072 middelsexia,
1114 1996 1327 2075 concedendo,

280 2106 297 2134 “
320 2102 380 2163 aut
408 2097 445 2160 in
479 2095 621 2161 denariis
652 2095 689 2160 in
722 2094 844 2162 eisdem
867 2095 1012 2162 Ciuitate
1034 2101 1069 2161 et
1093 2094 1262 2163 Comitatu
1285 2099 1327 2164 nd

279 2209 296 2236 “
318 2221 399 2287 opus
421 2203 570 2263 nostrum
593 2219 635 2262 ex
657 2218 861 2283 quacumque
884 2219 981 2262 causa
998 2197 1148 2285 proximo
1170 2199 1327 2278 levandis,

280 2311 297 2338 “
320 2301 492 2388 praedictas
523 2299 780 2386 quadringentas
802 2299 902 2364 libras
931 2299 977 2365 eis
1000 2299 1133 2364 allooari
1156 2299 1324 2368 faciemus.

279 2414 296 2440 “
319 2401 544 2470 Concessimus
580 2402 679 2468 etiam
713 2401 835 2466 eisdem
867 2399 993 2487 Majori,
1028 2402 1267 2482 Aldermannis‚
1291 2409 1327 2469 ct

279 2515 295 2541 “
318 2504 454 2582 civibus,
477 2503 564 2590 quod
586 2503 760 2590 tellagium
783 2502 918 2588 aliquod
940 2505 1114 2590 separatim
1137 2527 1195 2592 per
1210 2505 1326 2592 capita,

279 2618 295 2644 “
318 2606 371 2674 vel
405 2608 440 2671 in
464 2607 637 2684 communi,
660 2627 757 2692 super
789 2605 885 2692 ipsos,
906 2604 994 2671 bona
1016 2611 1051 2672 et
1074 2606 1200 2685 catalla,
1222 2611 1326 2674 terras

278 2719 294 2746 ‘¹
318 2715 352 2776 et
373 2713 569 2782 tenemento,
591 2712 626 2774 et
648 2707 797 2772 redditus
828 2729 911 2785 suos,
934 2707 971 2772 in
994 2707 1142 2775 Ciuitate
1168 2709 1327 2796 praedicta

278 2822 295 2847 “
317 2816 352 2878 et
374 2810 539 2877 suburbiis
562 2809 706 2895 ejusdem
741 2813 819 2874 ante
849 2809 1037 2896 proximum
1068 2810 1326 2877 Parliamentum
1365 2833 1459 2879 noia

278 2919 466 2980 “nostrum
489 2913 631 2990 assideri,
648 2912 702 2976 vel
725 2912 764 2977 ds
788 2911 909 2976 eisdem
933 2911 1044 2990 levari,
1067 2913 1256 2979 nullatenus
1278 2915 1327 2978 fa-

279 3027 295 3051 “
318 3016 462 3096 oiemus3
485 3013 585 3080 solvis
607 3035 734 3100 semper
749 3013 876 3099 Majori,
891 3013 1134 3093 Aldermannis,
1149 3021 1184 3080 et
1199 3015 1325 3081 caeteris
1391 3006 1396 3016 ’

279 3116 446 3182 “civibus
477 3116 573 3182 diotae
605 3115 768 3192 Civitatis,
794 3115 1072 3202 assignationibus
1106 3117 1152 3182 eis
1187 3139 1244 3204 per
1266 3139 1326 3182 nos

279 3220 410 3307 “prius
443 3219 546 3295 saetis,
571 3239 630 3305 pro
653 3217 773 3283 debitis
796 3218 836 3283 ds
859 3219 979 3304 quibus
1009 3239 1068 3304 pro
1099 3219 1193 3285 nobis
1230 3221 1326 3284 satis-

278 3333 295 3358 “
318 3324 422 3388 facere
444 3325 710 3408 manuoeperunt,
735 3324 834 3407 prout
852 3319 888 3384 in
917 3319 1038 3384 litteris
1060 3322 1181 3386 nostris
1213 3327 1326 3408 paten-

278 3435 296 3461 “
320 3425 418 3502 tibus,
441 3425 487 3490 eis
509 3423 586 3490 indo
619 3423 722 3500 factis,
754 3422 882 3510 plenius
913 3422 1109 3487 continetur.
1166 3423 1209 3486 ln
1231 3424 1326 3508 cujus

278 3537 294 3563 “
318 3529 365 3592 rei
396 3526 624 3592 testimonium
658 3526 717 3591 has
753 3525 882 3590 litteras
915 3529 1042 3589 nostras
1087 3524 1159 3590 fieri
1190 3524 1325 3590 fecimus

278 3641 294 3666 ‘⁶
315 3634 473 3718 patentes.
520 3629 616 3694 Teste
640 3629 771 3714 meipso,
794 3626 882 3713 apud
906 3625 1058 3713 Langele,
1082 3627 1156 3692 xvi⁰
1179 3627 1232 3692 dis
1256 3626 1325 3692 No-

279 3741 298 3769 “
321 3732 473 3810 vembris,
498 3753 584 3797 anno
608 3730 700 3816 regni
723 3729 830 3794 nostri
853 3726 998 3793 octavo.”

278 3967 380 4034 Breve
401 3965 549 4032 Domini
570 3963 673 4049 Regiis
692 3986 757 4050 pro
779 3963 866 4030 Pace
888 3963 1118 4029 cormeruuoda
1139 3963 1325 4030 cavendam
1369 3991 1464 4038 ΜΗ,

524 4066 698 4147 Articulos
719 4065 850 4134 ,tiarati
878 4064 1085 4151 Wyotoue‘ael

324 4201 484 4268 Dominus
508 4201 580 4266 Rex
603 4199 775 4266 mandavit
789 4198 889 4263 breve
912 4219 1007 4262 suum
1032 4195 1150 4284 Majori
1173 4204 1207 4265 et
1230 4197 1323 4264 Vico

279 4305 452 4373 comitibus
475 4303 727 4380 Londoniorum,
750 4302 786 4366 in
808 4299 878 4366 haeo
901 4299 1068 4365 verba:-

322 4417 338 4444 “
361 4407 552 4484 Edwardus,
591 4405 653 4472 Dei
696 4404 811 4492 gratia,
863 4403 936 4469 Rex
973 4401 1112 4489 Angliae,
1160 4403 1324 4468 Dominus
1334 4431 1479 4479 wama,

277 4523 294 4548 ‘⁸
318 4510 497 4591 Hiberna,
521 4515 556 4575 a
586 4507 665 4573 oux.
688 4505 910 4594 Aquilonum,
946 4505 1063 4591 Majori
1089 4511 1124 4572 a
1146 4483 1471 4581 vicecomitum

482 4731 489 4762 ¹
502 4728 613 4782 Omitted
624 4729 650 4778 in
662 4727 705 4780 the
716 4728 778 4780 Now
789 4727 901 4791 Fudera,
912 4726 971 4778 Vol.
983 4726 1026 4788 11,
1038 4725 1099 4778 Part
1112 4733 1133 4778 1.
