3456 5734
444 775 510 838 416
855 790 1034 841 nrrrnmx
1058 793 1079 843 1.

443 977 607 1058 hectone,
625 978 808 1044 Ricardum
832 977 872 1044 de
889 978 1104 1058 Gloucestrie,
1121 979 1302 1046 Henricum
1319 981 1358 1047 de
1377 981 1494 1048 Serch-

443 1081 525 1160 ford,
549 1080 737 1148 Johennem
760 1081 912 1168 Poyntel,
937 1082 1158 1170 Regineldum
1185 1083 1226 1149 dc
1250 1081 1434 1163 Conductu,
1456 1091 1492 1150 et

441 1183 523 1248 elios
547 1184 795 1262 Aldermennoe
810 1184 899 1270 quod
922 1185 1058 1252 heberet
1084 1185 1248 1272 judicium
1270 1187 1405 1274 pilonico,
1429 1191 1489 1254 etc.

441 1284 634 1366 Betooun,
659 1291 716 1352 eto.

485 1477 703 1565 Congregetio
727 1477 859 1543 Ricardi
892 1477 932 1542 de
965 1477 1112 1556 Betonie,
1147 1477 1290 1563 Majorie,
1323 1477 1347 1544 J
1349 1479 1489 1544 ohannis

438 1581 479 1644 de
502 1581 694 1659 (trentham,
709 1581 733 1646 J
734 1579 873 1646 ohannis
888 1579 929 1644 de
946 1579 1123 1658 Canetone,
1140 1580 1277 1646 Henrici
1293 1580 1334 1646 de
1346 1581 1488 1647 Combe-

436 1689 596 1768 martyne‚
612 1683 788 1769 Reginaldi
811 1683 851 1748 de
868 1681 1052 1761 Conductu,
1067 1681 1091 1748 J
1093 1683 1232 1748 ohannis
1254 1683 1295 1748 de
1319 1683 1486 1762 Frontone,

435 1791 470 1850 et
505 1785 658 1872 Hugonis
695 1785 734 1851 de
769 1783 923 1862 (tantone,
948 1784 1257 1864 Aldermennorum,
1295 1791 1329 1852 et
1363 1787 1486 1874 Rogeri

435 1886 662 1965 Oheunteoler,
699 1885 798 1952 unius
828 1885 1068 1952 Vicecomitum
1106 1887 1359 1967 Londoniarum,
1396 1889 1487 1955 fecto

434 1989 523 2076 apud
557 1989 742 2076 Gyhcldem
777 1988 831 2055 die
853 1987 949 2054 Jovis
981 1989 1017 2054 in
1051 1989 1235 2055 ebdomada
1265 1991 1484 2070 Pentecosten

434 2091 588 2157 videlicet
619 2091 693 2156 iiiito
719 2090 773 2157 die
795 2090 901 2168 Junii,
932 2111 1020 2156 enno
1043 2090 1179 2156 Domini
1201 2109 1425 2172 nocexxvn,
1448 2100 1485 2161 et

434 2195 526 2282 regni
550 2195 650 2282 Regis
674 2193 837 2271 Edwardi,
861 2193 966 2258 Tertii
988 2198 1064 2279 poet
1098 2193 1341 2280 Conquaestum,
1364 2197 1479 2283 primo.

266 2304 377 2396 onusto
477 2297 645 2364 «lohannes
673 2297 763 2374 Brid,
787 2294 922 2382 ¹pietor‚
954 2297 1156 2362 attechietus
1178 2297 1243 2362 luit
1276 2298 1319 2364 ad
1350 2321 1484 2386 respon·

265 2418 343 2500 10¹¹m
433 2399 577 2465 dendum
609 2421 707 2486 super
739 2397 934 2484 quibusdem
966 2396 1119 2476 falsitate,
1141 2399 1277 2478 malitie,
1300 2403 1336 2465 et
1369 2400 1483 2487 decep·

282 2511 359 2602 ⁰231}
394 2503 529 2581 ctione,
563 2523 622 2590 per
655 2501 763 2587 ipsum
795 2500 899 2577 factio,
944 2499 988 2564 ed
1030 2504 1264 2565 nocumentum
1298 2505 1481 2568 communis

266 2619 320 2651 ¹³⁰³
345 2611 369 2654 in
431 2605 564 2690 populi3
600 2603 779 2670 secundum
814 2601 902 2688 quod
933 2601 1050 2667 datum
1083 2601 1150 2668 fuit
1183 2601 1327 2690 intelligi
1351 2603 1479 2692 Majori,

430 2705 670 2784 AldermenniS,
693 2709 728 2770 et
743 2703 999 2770 vicecomitibus
1022 2703 1188 2782 Civitatis,
1203 2705 1366 2786 videlicet,
1389 2709 1479 2793 quod

429 2807 516 2873 idem
538 2808 715 2884 Johennee,
738 2828 797 2892 pro
829 2804 988 2892 singulari
1011 2806 1179 2871 commodo
1202 2807 1266 2872 sibi
1298 2807 1361 2894 ipsi
1395 2809 1479 2875 falso

429 2914 465 2975 et
486 2910 648 2975 malitiose
671 2907 883 2994 adquirendo,
899 2907 1065 2994 quoddam
1087 2907 1234 2974 foramen
1249 2931 1348 2996 super
1362 2933 1477 2997 quam-

428 3013 504 3077 dam
538 3012 687 3077 tabulam
721 3032 822 3088 suem,
846 3032 919 3097 quae
953 3015 1091 3074 vocetur
1114 3009 1409 3096 ‘nwldr'myborde'
1431 3015 1475 3079 ad

428 3115 602 3201 pistrinam
636 3113 866 3200 pertinentem,
908 3111 1089 3197 prudenter
1129 3112 1370 3200 artificioseque
1403 3117 1476 3181 lieri

427 3217 512 3296 fecit,
534 3217 577 3282 ed
609 3215 743 3280 modum
775 3213 966 3300 muscipulae
1000 3215 1036 3278 in
1070 3235 1136 3300 qun
1157 3235 1266 3280 mures
1289 3217 1476 3302 capiuntur,

427 3341 501 3384 oum
524 3319 666 3405 quodum
689 3318 840 3403 wyketto
863 3321 957 3382 caute
980 3317 1113 3403 proviso
1146 3317 1189 3382 ad
1220 3316 1368 3384 foramen
1391 3321 1475 3386 illud

426 3421 651 3487 obturandum
674 3424 709 3486 et
731 3417 954 3506 operiendum.
1404 3487 1407 3494 ,

471 3523 612 3589 Etcum
636 3520 813 3588 vicinieui
836 3520 958 3598 etalii,
981 3520 1038 3606 qui
1065 3521 1108 3586 od
1134 3519 1269 3586 furnum
1296 3544 1393 3588 suum
1415 3547 1474 3612 po·

425 3647 500 3692 nem
534 3625 684 3690 solebant
720 3623 874 3700 furniere,
908 3623 1088 3688 veniebant
1119 3644 1194 3688 cum
1216 3627 1311 3710 peste
1333 3647 1393 3690 eno
1419 3627 1474 3692 vel

425 3728 564 3794 materie
585 3727 628 3793 nd
642 3748 761 3814 ponem
784 3726 860 3792 inde
875 3725 1062 3791 faciendum
1076 3729 1163 3812 opto,
1180 3725 1287 3792 dictus
1301 3727 1325 3794 J
1326 3727 1473 3794 ohannes

423 3831 506 3896 illud
537 3836 676 3918 pentum,
699 3829 769 3894 sive
791 3827 884 3902 illem
906 3826 1086 3906 materiem,
1110 3849 1207 3914 super
1229 3828 1351 3894 dictam
1374 3831 1471 3896 tebu-

422 3933 489 3998 lem
515 3937 670 3998 vocatam
708 3927 1005 4014 ‘molddrybordu’
1036 3936 1076 3994 ut
1113 3929 1308 4015 predictum
1345 3936 1404 4011 est,
1435 3938 1471 3998 et

421 4037 510 4101 ultro
529 4035 675 4101 foramen
697 4037 927 4120 preenototum,
943 4032 1095 4119 ponebat,
1114 4031 1158 4096 od
1177 4053 1278 4119 pones
1293 4033 1413 4100 exinde
1427 4036 1471 4100 ed

421 4138 634 4204 furniendum
657 4136 912 4223 praeperendos3
935 4140 969 4200 et
991 4142 1065 4199 cu'm
1089 4134 1145 4200 ille
1168 4140 1291 4221 postue,
1309 4136 1379 4203 sive
1402 4159 1471 4202 mae

420 4241 512 4320 teria,
527 4242 573 4306 sio
594 4239 722 4326 positus
745 4243 830 4304 esset
852 4258 949 4323 super
964 4236 1113 4302 tabulam
1136 4235 1336 4322 praedictam,
1351 4238 1470 4306 hebuit

420 4343 509 4409 idem
532 4342 555 4409 J
557 4343 703 4408 ohannes
726 4339 902 4428 quemdem
924 4338 965 4404 de
988 4337 1114 4404 familie
1136 4359 1204 4416 sue,
1220 4339 1346 4406 adhoc
1368 4340 1468 4429 assig-

458 4643 526 4698 ¹See
544 4659 608 4710 pege
632 4649 679 4695 6⁰2
698 4643 728 4695 ol
739 4641 815 4695 Liber
832 4640 930 4706 Album
954 4641 1037 4694 where
1053 4641 1104 4695 thir
1127 4639 1225 4694 curione
1244 4641 1370 4694 norrodve
1392 4640 1415 4693 ie
1431 4639 1466 4692 nl·

422 4723 497 4777 lnded
507 4731 542 4789 to,
552 4725 598 4778 but
607 4725 650 4776 the
661 4725 787 4778 reference
798 4724 908 4778 omitted
