3534 5726
520 780 649 834 narrar
670 779 715 830 os
736 778 828 832 sonu
850 777 1058 832 caussasse.
1238 765 1303 834 459

261 973 279 1010 “
300 973 412 1037 stantes
426 986 494 1028 cum
508 968 654 1040 crucibus,
676 967 779 1038 cereis,
795 973 825 1026 et
838 965 1001 1026 thuribulis
1016 967 1076 1026 suis
1097 966 1305 1028 thurificantes

261 1069 279 1104 ‘⁶
300 1083 376 1138 eom,
405 1071 436 1126 et
457 1063 494 1122 de
512 1061 643 1140 jocundo
671 1061 801 1120 adventu
823 1077 876 1120 suo
900 1059 1055 1124 laudantes
1081 1059 1251 1134 Dominum,
1275 1067 1306 1120 et

261 1162 279 1198 “
299 1177 354 1236 pro
375 1163 455 1216 statu
477 1173 530 1214 suo
550 1171 692 1232 prospero
712 1153 903 1212 devotissime
917 1153 1119 1228 deprecantes,
1134 1154 1305 1230 psallentes,

262 1255 279 1294 ‘⁶
301 1259 332 1312 et
345 1251 480 1312 dieentes
490 1249 624 1310 diversos
638 1248 816 1328 antiphonas
829 1265 898 1308 oum
912 1247 1069 1314 versieulis
1080 1253 1111 1308 et
1124 1249 1306 1310 orationibus

263 1349 280 1386 ‘⁶
301 1345 459 1406 consuetis.

301 1441 319 1476 ‘⁶
339 1437 381 1500 Et
402 1437 519 1509 deiude,
544 1434 704 1512 equitando
727 1453 781 1512 per
802 1435 933 1494 medium
956 1435 1045 1511 burgi
1069 1435 1107 1494 de
1133 1435 1304 1510 Suthwerk,

263 1535 281 1572 ‘⁶
302 1531 440 1610 pervenit
460 1529 498 1590 ed
518 1529 696 1592 exteriorem
715 1527 805 1588 finem
819 1527 961 1588 Civitatis
976 1546 1068 1604 prope
1087 1527 1236 1599 Pontem
1256 1531 1308 1590 ubi

262 1629 280 1662 “
301 1623 462 1701 parabatur
489 1621 635 1694 machina,
666 1621 737 1678 satis
764 1621 898 1696 pulchra,
920 1621 952 1678 in
973 1620 1059 1696 eujus
1086 1623 1183 1680 medio
1211 1625 1309 1683 stabat

264 1721 282 1756 ‘⁴
303 1719 390 1793 gigas
410 1716 493 1774 mirae
513 1714 736 1790 magnitudinis,
754 1714 875 1774 vibrans
896 1720 927 1774 et
947 1715 1112 1778 extendens
1127 1717 1259 1792 gladium
1278 1718 1310 1776 ln

264 1815 281 1846 “
303 1810 402 1867 hostes
433 1808 524 1884 regiae
557 1805 730 1881 majestatis,
758 1805 815 1868 hac
841 1806 965 1882 proinde
999 1808 1150 1886 scripturo
1183 1811 1310 1872 circum·

264 1908 282 1938 “
303 1903 443 1972 cinctus3
465 1899 628 1962 ‘Inimiccs
655 1899 720 1976 ejus
743 1900 862 1962 induam
883 1900 1073 1964 confusionc.’
1114 1902 1165 1965 Ex
1185 1911 1311 1980 utroque

264 1999 281 2028 “
303 1994 421 2074 quidem
441 1993 534 2052 latere
554 1993 648 2070 ipsius
662 1993 793 2069 gigantis
807 1995 839 2052 in
852 1993 955 2053 eadem
976 1995 1107 2071 lpagina
1120 1997 1312 2073 erigebantur

263 2093 281 2124 “
302 2089 362 2146 duo
381 2087 520 2146 animalia
540 2093 646 2145 vocata
667 2086 846 2164 ‘catelopa’
873 2106 938 2166 qum
958 2105 1117 2164 regnorum
1137 2089 1259 2166 Angliae
1281 2096 1311 2149 et

262 2186 279 2220 “
300 2179 435 2240 Francia
457 2197 539 2239 arma
552 2179 721 2237 vexillatim
735 2177 882 2256 fulgentia
894 2180 997 2257 patule
1012 2184 1238 2259 supportabant.

305 2277 442 2356 “Super
470 2277 567 2354 lpsum
596 2293 667 2334 vero
693 2275 820 2336 Pontem
844 2277 978 2358 speciosa
1005 2275 1118 2340 fabrica
1132 2281 1312 2360 ¹splendoris

264 2371 405 2430 “eximii
432 2367 603 2438 relucebat3
645 2367 675 2426 in
709 2387 769 2444 quo
789 2376 850 2428 tres
871 2369 1074 2447 imperatrices
1110 2379 1140 2430 et
1175 2373 1311 2448 dominae,

264 2463 430 2528 “mirabili
458 2462 615 2540 splendore
644 2470 841 2534 coruscantes,
866 2461 985 2527 Natura
1005 2464 1120 2542 ²suple,
1144 2463 1259 2540 Gratis,
1282 2477 1314 2528 ct

265 2567 283 2598 “
305 2563 448 2636 Fortuna,
471 2559 691 2630 consedebant;
711 2566 743 2620 et
763 2568 953 2636 assurgentes
974 2561 1006 2622 iu
1027 2562 1189 2626 adventum
1209 2564 1313 2649 Regis,

265 2661 283 2690 ‘⁶
304 2656 401 2732 ipsum
419 2659 651 2733 pretereuntem
666 2652 727 2714 suis
742 2653 827 2716 donis
841 2655 936 2712 beatis
949 2657 1167 2716 macerabant:
1187 2657 1314 2730 Natura,
1362 2697 1365 2704 .

265 2753 283 2782 “
305 2748 426 2818 scilieet,
441 2746 616 2808 fortitudine
627 2751 657 2803 et
668 2745 795 2815 decore;
816 2743 932 2820 Gratia,
943 2749 1130 2822 sapientiset
1141 2751 1292 2810 intellectu
1308 2775 1317 2820 ;

266 2846 284 2875 “
305 2841 447 2913 Fortuna,
469 2839 584 2898 divitiis
606 2845 636 2897 et
657 2839 841 2908 honoribus;
872 2841 1015 2900 babentes
1037 2842 1111 2901 illud
1135 2843 1315 2908 Davidicum

266 2935 430 3012 “pedibus
458 2935 519 2993 suis
542 2933 828 3008 antescriptum,³-‘
842 2932 969 2992 Intende
1000 2953 1149 3012 prospere,
1178 2939 1314 3019 procede,

267 3033 285 3062 “
307 3031 360 3086 ‘et
379 3045 472 3104 regna
487 3027 503 3095 ;'
533 3028 618 3102 quasi
643 3026 777 3085 dicerent
790 3029 847 3084 :-‘
861 3026 988 3086 Intende
1017 3048 1158 3106 prospere
1178 3051 1231 3108 per
1254 3032 1314 3092 fcr-

265 3127 282 3158 “
304 3126 312 3156 ‘
327 3129 430 3180 tunam
445 3143 454 3189 ;
481 3119 607 3195 procede
628 3119 762 3196 longaevo
776 3138 829 3196 per
843 3125 983 3179 naturam
998 3145 1006 3190 ς
1029 3130 1059 3182 ct
1073 3142 1168 3200 regna
1181 3127 1314 3188 virtuose

269 3219 287 3251 ‘⁶
309 3217 387 3290 ‘per
402 3212 550 3290 gratiam!

307 3311 325 3343 “
348 3308 380 3366 A
403 3307 512 3365 dextro
540 3305 634 3364 latere
662 3306 750 3364 diotre
773 3305 893 3364 labriam
915 3307 1034 3366 stabant
1062 3317 1175 3386 septem
1203 3313 1315 3374 deificae

268 3399 446 3460 “Virtutes
469 3401 500 3458 in
520 3398 704 3476 puellaribus
718 3397 879 3476 effigiebus,
904 3402 1020 3459 coronis
1043 3405 1139 3462 aureis
1163 3404 1314 3480 dedicatae,

268 3499 286 3530 “
307 3503 338 3554 et
358 3494 429 3554 solis
455 3493 570 3552 indutm
588 3491 746 3566 jubaribus
771 3511 859 3568 super
891 3491 1003 3553 femora
1023 3495 1121 3555 bledla
1142 3500 1316 3575 cmlestina3

268 3593 286 3622 ‘⁴
307 3607 381 3665 qum,
392 3606 460 3646 cum
472 3587 704 3662 exploraverant
712 3585 874 3643 Dominum
884 3585 997 3662 Regem
1006 3590 1184 3666 venientem,
1194 3595 1317 3658 exibant

268 3687 286 3716 “
307 3681 424 3740 obviam
453 3681 480 3736 ei
509 3679 547 3736 ad
574 3678 725 3736 exteriora
751 3678 856 3755 palatii
884 3680 940 3752 sul,
969 3688 1083 3758 septem
1107 3684 1184 3744 dona
1213 3686 1316 3750 Sancti

268 3773 441 3850 “Spiritus
475 3790 530 3848 per
564 3771 752 3830 emissionem
791 3779 904 3848 septem
945 3773 1078 3833 albarum
1116 3779 1325 3851 columbarum,

268 3870 287 3900 “
309 3867 366 3926 sibi
386 3864 555 3942 figuraliter
589 3864 774 3936 exhibentes,
803 3873 833 3922 et
861 3865 995 3925 dicentes
1016 3887 1069 3944 per
1089 3874 1319 3950 rescriptum,-

267 3963 285 3994 “
306 3958 456 4034 ‘Impleat
485 3965 516 4016 te
549 3957 698 4016 Dominus
732 3958 840 4033 spiritu
878 3959 1033 4034 sapientise
1067 3968 1098 4020 et
1138 3965 1316 4044 intellectus,

269 4057 286 4085 “
308 4051 439 4128 ‘spititu
460 4050 577 4108 consilii
600 4055 630 4107 et
651 4048 847 4126 fortitudinis,
870 4053 978 4127 spiritu
999 4054 1129 4114 scientim
1143 4065 1173 4116 et
1186 4061 1317 4138 pietatis,
1430 4045 1437 4048 ’

270 4149 288 4178 “
309 4149 362 4204 ‘et
389 4143 497 4220 spiritu
526 4143 641 4201 timoris
675 4141 816 4200 Domini.'
866 4143 898 4201 A
926 4145 1046 4205 sinistro
1074 4167 1191 4232 quoque
1224 4153 1318 4214 latere

269 4243 414 4315 “septem
442 4236 507 4294 alim
534 4235 668 4312 virgines
688 4235 792 4294 lacteis
820 4236 923 4294 liliatas
952 4239 1118 4314 restitibus,
1141 4251 1171 4301 ct
1191 4247 1317 4306 stellatis

270 4333 288 4364 “
308 4329 481 4408 corporibus
499 4328 663 4400 elucentes,
686 4333 798 4406 septem
812 4327 1172 4412 insigniaregaliarotulc
1192 4340 1317 4416 pedibus

305 4583 366 4632 ‘An
375 4598 443 4633 error
451 4585 571 4650 probably
580 4584 772 4636 t'or‘moclrich
850 4586 914 4636 ‘An
937 4590 1087 4654 adaptation,
1114 4595 1266 4661 apparently,
1294 4599 1325 4648 ol

303 4664 368 4712 ²An
391 4678 466 4724 error,
486 4663 620 4730 evidently,
643 4665 682 4716 sor
705 4680 773 4716 some
819 4663 901 4716 Psolnr
913 4667 965 4720 xlv.
977 4674 1000 4722 ⁴.

271 4741 428 4793 otberword.
