<?xml version="1.0" encoding="UTF-8"?>
<!DOCTYPE html PUBLIC "-//W3C//DTD XHTML 1.0 Transitional//EN"
    "http://www.w3.org/TR/xhtml1/DTD/xhtml1-transitional.dtd">
<html xmlns="http://www.w3.org/1999/xhtml" xml:lang="en" lang="en">
 <head>
  <title>
</title>
<meta http-equiv="Content-Type" content="text/html;charset=utf-8" />
  <meta name='ocr-system' content='tesseract 3.04.00' />
  <meta name='ocr-capabilities' content='ocr_page ocr_carea ocr_par ocr_line ocrx_word'/>
</head>
<body>
  <div class='ocr_page' id='page_1' title='image "./munimentagildha06librgoog/munimentagildha06librgoog_0473.png"; bbox 0 0 3456 5734; ppageno 0'>
   <div class='ocr_carea' id='block_1_1' title="bbox 342 756 1272 836">
    <p class='ocr_par' dir='ltr' id='par_1_1' title="bbox 342 756 1272 836">
     <span class='ocr_line' id='line_1_1' title="bbox 342 756 1272 836; baseline 0 -16"><span class='ocrx_word' id='word_1_1' title='bbox 342 771 515 821; x_wconf 72' lang='lat' dir='ltr'>sxrnrcrs</span> <span class='ocrx_word' id='word_1_2' title='bbox 539 771 632 820; x_wconf 81' lang='lat' dir='ltr'>reon</span> <span class='ocrx_word' id='word_1_3' title='bbox 655 771 724 820; x_wconf 80' lang='lat' dir='ltr'>run</span> <span class='ocrx_word' id='word_1_4' title='bbox 746 769 847 820; x_wconf 73' lang='lat' dir='ltr'>cmm</span> <span class='ocrx_word' id='word_1_5' title='bbox 868 769 1169 820; x_wconf 78' lang='lat' dir='ltr'>unuomrmonun.</span> <span class='ocrx_word' id='word_1_6' title='bbox 1189 756 1272 836; x_wconf 50' lang='lat'>,449</span> 
     </span>
    </p>
   </div>
   <div class='ocr_carea' id='block_1_2' title="bbox 234 957 1273 1559">
    <p class='ocr_par' dir='ltr' id='par_1_2' title="bbox 235 957 1272 1146">
     <span class='ocr_line' id='line_1_2' title="bbox 237 957 1272 1046; baseline 0 -24"><span class='ocrx_word' id='word_1_7' title='bbox 237 958 462 1044; x_wconf 74' lang='lat' dir='ltr'><strong>providebitur</strong></span> <span class='ocrx_word' id='word_1_8' title='bbox 484 958 525 1023; x_wconf 86' lang='lat' dir='ltr'>de</span> <span class='ocrx_word' id='word_1_9' title='bbox 548 957 710 1046; x_wconf 83' lang='lat' dir='ltr'>¹grsviori</span> <span class='ocrx_word' id='word_1_10' title='bbox 744 981 841 1046; x_wconf 84' lang='lat' dir='ltr'>poene</span> <span class='ocrx_word' id='word_1_11' title='bbox 863 959 1047 1046; x_wconf 80' lang='lat' dir='ltr'>infligenda,</span> <span class='ocrx_word' id='word_1_12' title='bbox 1076 959 1103 1024; x_wconf 91' lang='lat' dir='ltr'>si</span> <span class='ocrx_word' id='word_1_13' title='bbox 1137 959 1272 1023; x_wconf 82' lang='lat' dir='ltr'>formem</span> 
     </span>
     <span class='ocr_line' id='line_1_3' title="bbox 235 1059 810 1146; baseline 0.002 -20"><span class='ocrx_word' id='word_1_14' title='bbox 235 1059 426 1146; x_wconf 74' lang='lat' dir='ltr'>prredictem</span> <span class='ocrx_word' id='word_1_15' title='bbox 449 1060 617 1126; x_wconf 76' lang='lat' dir='ltr'>observare</span> <span class='ocrx_word' id='word_1_16' title='bbox 640 1060 810 1128; x_wconf 88' lang='lat' dir='ltr'>noluerint.</span> 
     </span>
    </p>

    <p class='ocr_par' dir='ltr' id='par_1_3' title="bbox 234 1161 1273 1559">
     <span class='ocr_line' id='line_1_4' title="bbox 280 1161 1272 1249; baseline 0 -22"><span class='ocrx_word' id='word_1_17' title='bbox 280 1161 360 1228; x_wconf 88' lang='lat' dir='ltr'>Post</span> <span class='ocrx_word' id='word_1_18' title='bbox 381 1168 544 1229; x_wconf 80' lang='lat' dir='ltr'>venerunt</span> <span class='ocrx_word' id='word_1_19' title='bbox 567 1162 672 1248; x_wconf 82' lang='lat' dir='ltr'>Major</span> <span class='ocrx_word' id='word_1_20' title='bbox 694 1167 729 1230; x_wconf 93' lang='lat' dir='ltr'>et</span> <span class='ocrx_word' id='word_1_21' title='bbox 750 1165 844 1241; x_wconf 85' lang='lat' dir='ltr'>cives,</span> <span class='ocrx_word' id='word_1_22' title='bbox 859 1169 893 1228; x_wconf 89' lang='lat' dir='ltr'>et</span> <span class='ocrx_word' id='word_1_23' title='bbox 916 1164 1030 1230; x_wconf 88' lang='lat' dir='ltr'>dicunt</span> <span class='ocrx_word' id='word_1_24' title='bbox 1051 1163 1139 1249; x_wconf 90' lang='lat' dir='ltr'>quod</span> <span class='ocrx_word' id='word_1_25' title='bbox 1162 1185 1272 1229; x_wconf 79' lang='lat' dir='ltr'>omnes</span> 
     </span>
     <span class='ocr_line' id='line_1_5' title="bbox 234 1265 1264 1353; baseline 0.001 -24"><span class='ocrx_word' id='word_1_26' title='bbox 234 1286 335 1331; x_wconf 80' lang='lat' dir='ltr'>naves</span> <span class='ocrx_word' id='word_1_27' title='bbox 373 1271 600 1332; x_wconf 80' lang='lat' dir='ltr'>extraneorum</span> <span class='ocrx_word' id='word_1_28' title='bbox 647 1288 721 1332; x_wconf 92' lang='lat' dir='ltr'>cum</span> <span class='ocrx_word' id='word_1_29' title='bbox 769 1266 920 1332; x_wconf 90' lang='lat' dir='ltr'>omnibus</span> <span class='ocrx_word' id='word_1_30' title='bbox 958 1265 1100 1353; x_wconf 89' lang='lat' dir='ltr'>piscibus</span> <span class='ocrx_word' id='word_1_31' title='bbox 1137 1266 1264 1332; x_wconf 82' lang='lat' dir='ltr'>sulsetis</span> 
     </span>
     <span class='ocr_line' id='line_1_6' title="bbox 235 1367 1273 1457; baseline 0.002 -25"><span class='ocrx_word' id='word_1_32' title='bbox 235 1369 381 1454; x_wconf 89' lang='lat' dir='ltr'>exceptis</span> <span class='ocrx_word' id='word_1_33' title='bbox 418 1367 701 1456; x_wconf 67' lang='lat' dir='ltr'>”spiudclcrbotcu</span> <span class='ocrx_word' id='word_1_34' title='bbox 738 1370 968 1457; x_wconf 84' lang='lat' dir='ltr'>applicuerunt</span> <span class='ocrx_word' id='word_1_35' title='bbox 1005 1369 1048 1434; x_wconf 84' lang='lat' dir='ltr'>sd</span> <span class='ocrx_word' id='word_1_36' title='bbox 1085 1369 1273 1456; x_wconf 81' lang='lat' dir='ltr'>praedictem</span> 
     </span>
     <span class='ocr_line' id='line_1_7' title="bbox 234 1470 1273 1559; baseline 0.001 -24"><span class='ocrx_word' id='word_1_37' title='bbox 234 1470 369 1536; x_wconf 82' lang='lat' dir='ltr'>hethom</span> <span class='ocrx_word' id='word_1_38' title='bbox 384 1475 529 1559; x_wconf 90' lang='lat' dir='ltr'>tempore</span> <span class='ocrx_word' id='word_1_39' title='bbox 544 1471 707 1559; x_wconf 81' lang='lat' dir='ltr'>praedicto,</span> <span class='ocrx_word' id='word_1_40' title='bbox 722 1473 779 1538; x_wconf 87' lang='lat' dir='ltr'>sed</span> <span class='ocrx_word' id='word_1_41' title='bbox 792 1493 892 1538; x_wconf 84' lang='lat' dir='ltr'>neves</span> <span class='ocrx_word' id='word_1_42' title='bbox 915 1493 989 1557; x_wconf 84' lang='lat' dir='ltr'>quse</span> <span class='ocrx_word' id='word_1_43' title='bbox 1012 1471 1137 1537; x_wconf 78' lang='lat' dir='ltr'>firerint</span> <span class='ocrx_word' id='word_1_44' title='bbox 1150 1471 1273 1538; x_wconf 88' lang='lat' dir='ltr'>civium</span> 
     </span>
    </p>
   </div>
   <div class='ocr_carea' id='block_1_3' title="bbox 234 1571 1274 1866">
    <p class='ocr_par' dir='ltr' id='par_1_4' title="bbox 234 1571 1274 1866">
     <span class='ocr_line' id='line_1_8' title="bbox 235 1571 1274 1662; baseline 0.001 -24"><span class='ocrx_word' id='word_1_45' title='bbox 235 1571 476 1639; x_wconf 82' lang='lat' dir='ltr'>Londoniarum</span> <span class='ocrx_word' id='word_1_46' title='bbox 513 1573 740 1662; x_wconf 77' lang='lat' dir='ltr'>applicuerunt</span> <span class='ocrx_word' id='word_1_47' title='bbox 777 1575 864 1651; x_wconf 81' lang='lat' dir='ltr'>alibi,</span> <span class='ocrx_word' id='word_1_48' title='bbox 900 1574 957 1639; x_wconf 92' lang='lat' dir='ltr'>ubi</span> <span class='ocrx_word' id='word_1_49' title='bbox 995 1573 1168 1640; x_wconf 85' lang='lat' dir='ltr'>voluerint.</span> <span class='ocrx_word' id='word_1_50' title='bbox 1228 1573 1274 1639; x_wconf 86' lang='lat' dir='ltr'>Et</span> 
     </span>
     <span class='ocr_line' id='line_1_9' title="bbox 234 1675 1273 1744; baseline 0.002 -4"><span class='ocrx_word' id='word_1_51' title='bbox 234 1675 307 1741; x_wconf 91' lang='lat' dir='ltr'>ideo</span> <span class='ocrx_word' id='word_1_52' title='bbox 330 1675 492 1742; x_wconf 86' lang='lat' dir='ltr'><strong>Dominus</strong></span> <span class='ocrx_word' id='word_1_53' title='bbox 515 1677 589 1743; x_wconf 83' lang='lat' dir='ltr'>Rex</span> <span class='ocrx_word' id='word_1_54' title='bbox 611 1677 730 1743; x_wconf 81' lang='lat' dir='ltr'>habent</span> <span class='ocrx_word' id='word_1_55' title='bbox 763 1677 914 1743; x_wconf 84' lang='lat' dir='ltr'>seisinom</span> <span class='ocrx_word' id='word_1_56' title='bbox 941 1699 1035 1743; x_wconf 83' lang='lat' dir='ltr'>suem</span> <span class='ocrx_word' id='word_1_57' title='bbox 1058 1678 1160 1744; x_wconf 89' lang='lat' dir='ltr'>donec</span> <span class='ocrx_word' id='word_1_58' title='bbox 1182 1676 1273 1743; x_wconf 82' lang='lat' dir='ltr'>aliud</span> 
     </span>
     <span class='ocr_line' id='line_1_10' title="bbox 234 1777 620 1866; baseline 0.008 -25"><span class='ocrx_word' id='word_1_59' title='bbox 234 1777 314 1862; x_wconf 91' lang='lat' dir='ltr'>quid</span> <span class='ocrx_word' id='word_1_60' title='bbox 335 1777 414 1844; x_wconf 90' lang='lat' dir='ltr'>inde</span> <span class='ocrx_word' id='word_1_61' title='bbox 436 1779 620 1866; x_wconf 74' lang='lat' dir='ltr'>perceperit.</span> 
     </span>
    </p>
   </div>
   <div class='ocr_carea' id='block_1_4' title="bbox 548 2073 1412 2182">
    <p class='ocr_par' dir='ltr' id='par_1_5' title="bbox 548 2073 1412 2182">
     <span class='ocr_line' id='line_1_11' title="bbox 548 2073 1412 2182; baseline 0.034 -44"><span class='ocrx_word' id='word_1_62' title='bbox 548 2073 750 2142; x_wconf 70' lang='lat' dir='ltr'>Oomodiurn</span> <span class='ocrx_word' id='word_1_63' title='bbox 772 2073 811 2140; x_wconf 77' lang='lat' dir='ltr'>dc</span> <span class='ocrx_word' id='word_1_64' title='bbox 833 2076 947 2140; x_wconf 74' lang='lat' dir='ltr'>Ponte.</span> <span class='ocrx_word' id='word_1_65' title='bbox 1308 2135 1412 2182; x_wconf 58' lang='grc'><strong>1,,,1331</strong></span> 
     </span>
    </p>
   </div>
   <div class='ocr_carea' id='block_1_5' title="bbox 233 2219 1442 2509">
    <p class='ocr_par' dir='ltr' id='par_1_6' title="bbox 233 2219 1442 2509">
     <span class='ocr_line' id='line_1_12' title="bbox 278 2219 1413 2342; baseline 0.001 -54"><span class='ocrx_word' id='word_1_66' title='bbox 278 2221 480 2289; x_wconf 89' lang='lat' dir='ltr'>“Omnibus</span> <span class='ocrx_word' id='word_1_67' title='bbox 512 2219 641 2286; x_wconf 73' lang='lat' dir='ltr'>Sancte</span> <span class='ocrx_word' id='word_1_68' title='bbox 676 2219 791 2285; x_wconf 78' lang='lat' dir='ltr'>Matris</span> <span class='ocrx_word' id='word_1_69' title='bbox 829 2219 980 2286; x_wconf 73' lang='lat' dir='ltr'>Ecclesiae</span> <span class='ocrx_word' id='word_1_70' title='bbox 1011 2219 1097 2298; x_wconf 78' lang='lat' dir='ltr'>filiis,</span> <span class='ocrx_word' id='word_1_71' title='bbox 1132 2234 1346 2329; x_wconf 64' lang='lat' dir='ltr'>praesensgomn</span> <span class='ocrx_word' id='word_1_72' title='bbox 1349 2237 1413 2342; x_wconf 60' lang='lat' dir='ltr'>top</span> 
     </span>
     <span class='ocr_line' id='line_1_13' title="bbox 233 2301 1442 2432; baseline -0.004 -43"><span class='ocrx_word' id='word_1_73' title='bbox 233 2335 250 2360; x_wconf 90' lang='lat'><strong>“</strong></span> <span class='ocrx_word' id='word_1_74' title='bbox 272 2325 372 2412; x_wconf 89' lang='lat' dir='ltr'>script</span> <span class='ocrx_word' id='word_1_75' title='bbox 372 2347 429 2388; x_wconf 91' lang='lat' dir='ltr'>um</span> <span class='ocrx_word' id='word_1_76' title='bbox 451 2323 645 2409; x_wconf 87' lang='lat' dir='ltr'>inspecturis</span> <span class='ocrx_word' id='word_1_77' title='bbox 667 2322 739 2386; x_wconf 89' lang='lat' dir='ltr'>vel</span> <span class='ocrx_word' id='word_1_78' title='bbox 754 2320 848 2387; x_wconf 83' lang='lat' dir='ltr'>audit</span> <span class='ocrx_word' id='word_1_79' title='bbox 833 2322 924 2399; x_wconf 87' lang='lat' dir='ltr'>turis,</span> <span class='ocrx_word' id='word_1_80' title='bbox 948 2321 1121 2408; x_wconf 81' lang='lat' dir='ltr'><strong>Gregorius</strong></span> <span class='ocrx_word' id='word_1_81' title='bbox 1144 2325 1183 2390; x_wconf 87' lang='lat' dir='ltr'>de</span> <span class='ocrx_word' id='word_1_82' title='bbox 1207 2325 1272 2392; x_wconf 88' lang='lat' dir='ltr'>Ro-</span> <span class='ocrx_word' id='word_1_83' title='bbox 1259 2301 1442 2432; x_wconf 55' lang='lat' dir='ltr'>-thffispgem</span> 
     </span>
     <span class='ocr_line' id='line_1_14' title="bbox 233 2389 1428 2509; baseline 0.002 -19"><span class='ocrx_word' id='word_1_84' title='bbox 233 2437 248 2460; x_wconf 91' lang='lat'><strong>“</strong></span> <span class='ocrx_word' id='word_1_85' title='bbox 271 2425 360 2492; x_wconf 87' lang='lat' dir='ltr'>kesle</span> <span class='ocrx_word' id='word_1_86' title='bbox 382 2429 418 2491; x_wconf 88' lang='lat' dir='ltr'>et</span> <span class='ocrx_word' id='word_1_87' title='bbox 432 2424 609 2490; x_wconf 84' lang='lat' dir='ltr'>Nicholeus</span> <span class='ocrx_word' id='word_1_88' title='bbox 625 2422 664 2488; x_wconf 90' lang='lat' dir='ltr'>de</span> <span class='ocrx_word' id='word_1_89' title='bbox 679 2423 868 2509; x_wconf 82' lang='lat' dir='ltr'>Wyntonis,</span> <span class='ocrx_word' id='word_1_90' title='bbox 884 2428 966 2488; x_wconf 90' lang='lat' dir='ltr'>tunc</span> <span class='ocrx_word' id='word_1_91' title='bbox 981 2424 1141 2490; x_wconf 83' lang='lat' dir='ltr'>Custodes</span> <span class='ocrx_word' id='word_1_92' title='bbox 1157 2389 1315 2493; x_wconf 82' lang='lat' dir='ltr'>PontisBr</span> <span class='ocrx_word' id='word_1_93' title='bbox 1315 2437 1373 2488; x_wconf 64' lang='lat' dir='ltr'>idm</span> <span class='ocrx_word' id='word_1_94' title='bbox 1382 2441 1428 2483; x_wconf 79' lang='lat' dir='ltr'>and</span> 
     </span>
    </p>
   </div>
   <div class='ocr_carea' id='block_1_6' title="bbox 232 2471 1383 2611">
    <p class='ocr_par' dir='ltr' id='par_1_7' title="bbox 232 2471 1383 2611">
     <span class='ocr_line' id='line_1_15' title="bbox 232 2471 1383 2611; baseline -0.002 -15"><span class='ocrx_word' id='word_1_95' title='bbox 232 2537 248 2564; x_wconf 87' lang='lat'><strong>“</strong></span> <span class='ocrx_word' id='word_1_96' title='bbox 272 2527 525 2604; x_wconf 80' lang='lat' dir='ltr'>Londoniorum,</span> <span class='ocrx_word' id='word_1_97' title='bbox 557 2531 592 2592; x_wconf 85' lang='lat' dir='ltr'>et</span> <span class='ocrx_word' id='word_1_98' title='bbox 620 2525 764 2611; x_wconf 88' lang='lat' dir='ltr'>ejusdem</span> <span class='ocrx_word' id='word_1_99' title='bbox 796 2525 859 2592; x_wconf 89' lang='lat' dir='ltr'>loci</span> <span class='ocrx_word' id='word_1_100' title='bbox 891 2525 971 2592; x_wconf 84' lang='lat' dir='ltr'>Fret</span> <span class='ocrx_word' id='word_1_101' title='bbox 957 2531 1030 2604; x_wconf 79' lang='lat' dir='ltr'>trec,</span> <span class='ocrx_word' id='word_1_102' title='bbox 1062 2530 1201 2595; x_wconf 81' lang='lat' dir='ltr'>salutem</span> <span class='ocrx_word' id='word_1_103' title='bbox 1235 2471 1383 2602; x_wconf 52' lang='lat' dir='ltr'>miiieii‘i?</span> 
     </span>
    </p>
   </div>
   <div class='ocr_carea' id='block_1_7' title="bbox 227 2589 1421 4152">
    <p class='ocr_par' dir='ltr' id='par_1_8' title="bbox 232 2589 1421 2919">
     <span class='ocr_line' id='line_1_16' title="bbox 1280 2589 1421 2644; baseline 0.021 -14"><span class='ocrx_word' id='word_1_104' title='bbox 1280 2589 1421 2644; x_wconf 74' lang='lat' dir='ltr'>rhenuege</span> 
     </span>
     <span class='ocr_line' id='line_1_17' title="bbox 233 2627 1368 2706; baseline 0.003 -12"><span class='ocrx_word' id='word_1_105' title='bbox 233 2639 248 2664; x_wconf 90' lang='lat'><strong>“</strong></span> <span class='ocrx_word' id='word_1_106' title='bbox 272 2629 421 2694; x_wconf 87' lang='lat' dir='ltr'>Domino.</span> <span class='ocrx_word' id='word_1_107' title='bbox 478 2627 618 2692; x_wconf 75' lang='lat' dir='ltr'>Noverit</span> <span class='ocrx_word' id='word_1_108' title='bbox 640 2627 836 2692; x_wconf 75' lang='lat' dir='ltr'>universitas</span> <span class='ocrx_word' id='word_1_109' title='bbox 865 2631 1368 2706; x_wconf 72' lang='lat' dir='ltr'>veseranos,n0mineee110use</span> 
     </span>
     <span class='ocr_line' id='line_1_18' title="bbox 232 2728 1411 2811; baseline 0.001 -15"><span class='ocrx_word' id='word_1_110' title='bbox 232 2741 248 2768; x_wconf 88' lang='lat'><strong>“</strong></span> <span class='ocrx_word' id='word_1_111' title='bbox 271 2751 403 2796; x_wconf 86' lang='lat' dir='ltr'>assensn</span> <span class='ocrx_word' id='word_1_112' title='bbox 418 2730 521 2795; x_wconf 88' lang='lat' dir='ltr'>totius</span> <span class='ocrx_word' id='word_1_113' title='bbox 537 2728 761 2794; x_wconf 83' lang='lat' dir='ltr'>communitst&#39;</span> <span class='ocrx_word' id='word_1_114' title='bbox 752 2751 780 2792; x_wconf 88' lang='lat' dir='ltr'>1s</span> <span class='ocrx_word' id='word_1_115' title='bbox 736 2729 1044 2810; x_wconf 78' lang='lat' dir='ltr'>tLondonimum</span> <span class='ocrx_word' id='word_1_116' title='bbox 1055 2731 1189 2811; x_wconf 85' lang='lat' dir='ltr'>dedisse,</span> <span class='ocrx_word' id='word_1_117' title='bbox 1198 2755 1272 2800; x_wconf 87' lang='lat' dir='ltr'>con-</span> <span class='ocrx_word' id='word_1_118' title='bbox 1307 2749 1333 2796; x_wconf 71' lang='lat'>1³.</span> <span class='ocrx_word' id='word_1_119' title='bbox 1342 2756 1411 2797; x_wconf 63' lang='lat' dir='ltr'>me</span> 
     </span>
     <span class='ocr_line' id='line_1_19' title="bbox 232 2831 1273 2919; baseline 0.001 -19"><span class='ocrx_word' id='word_1_120' title='bbox 232 2843 248 2868; x_wconf 90' lang='lat'>“</span> <span class='ocrx_word' id='word_1_121' title='bbox 271 2833 409 2910; x_wconf 84' lang='lat' dir='ltr'>cessisse,</span> <span class='ocrx_word' id='word_1_122' title='bbox 424 2836 458 2896; x_wconf 90' lang='lat' dir='ltr'>et</span> <span class='ocrx_word' id='word_1_123' title='bbox 473 2831 627 2919; x_wconf 72' lang='lat' dir='ltr'>praesenti</span> <span class='ocrx_word' id='word_1_124' title='bbox 642 2831 761 2918; x_wconf 79' lang='lat' dir='ltr'>scripio</span> <span class='ocrx_word' id='word_1_125' title='bbox 776 2838 887 2896; x_wconf 88' lang='lat' dir='ltr'>nostro</span> <span class='ocrx_word' id='word_1_126' title='bbox 903 2831 1114 2912; x_wconf 82' lang='lat' dir='ltr'>confirmasse,</span> <span class='ocrx_word' id='word_1_127' title='bbox 1130 2833 1273 2903; x_wconf 88' lang='lat' dir='ltr'>Henrico</span> 
     </span>
    </p>

    <p class='ocr_par' dir='ltr' id='par_1_9' title="bbox 232 2931 1273 3025">
     <span class='ocr_line' id='line_1_20' title="bbox 232 2931 1273 3025; baseline 0.004 -23"><span class='ocrx_word' id='word_1_128' title='bbox 232 2945 248 2972; x_wconf 89' lang='lat'><strong>“</strong></span> <span class='ocrx_word' id='word_1_129' title='bbox 271 2936 359 3002; x_wconf 86' lang='lat' dir='ltr'>dieto</span> <span class='ocrx_word' id='word_1_130' title='bbox 392 2931 648 3012; x_wconf 84' lang='lat' dir='ltr'>‘In-the-Lone,&#39;</span> <span class='ocrx_word' id='word_1_131' title='bbox 670 2938 704 2998; x_wconf 90' lang='lat' dir='ltr'>et</span> <span class='ocrx_word' id='word_1_132' title='bbox 738 2933 894 3012; x_wconf 82' lang='lat' dir='ltr'>Isabellae,</span> <span class='ocrx_word' id='word_1_133' title='bbox 928 2936 1024 3001; x_wconf 86' lang='lat' dir='ltr'>uxori</span> <span class='ocrx_word' id='word_1_134' title='bbox 1055 2959 1131 3015; x_wconf 79' lang='lat' dir='ltr'>sure,</span> <span class='ocrx_word' id='word_1_135' title='bbox 1165 2939 1273 3025; x_wconf 85' lang='lat' dir='ltr'>quoad</span> 
     </span>
    </p>

    <p class='ocr_par' dir='ltr' id='par_1_10' title="bbox 231 3033 1271 3122">
     <span class='ocr_line' id='line_1_21' title="bbox 231 3033 1271 3122; baseline 0.006 -19"><span class='ocrx_word' id='word_1_136' title='bbox 231 3047 247 3074; x_wconf 87' lang='lat'><strong>“</strong></span> <span class='ocrx_word' id='word_1_137' title='bbox 270 3039 424 3115; x_wconf 85' lang='lat' dir='ltr'>vixerint,</span> <span class='ocrx_word' id='word_1_138' title='bbox 458 3041 492 3102; x_wconf 88' lang='lat' dir='ltr'>et</span> <span class='ocrx_word' id='word_1_139' title='bbox 534 3058 645 3102; x_wconf 90' lang='lat' dir='ltr'>eorum</span> <span class='ocrx_word' id='word_1_140' title='bbox 678 3033 775 3100; x_wconf 86' lang='lat' dir='ltr'>elteri</span> <span class='ocrx_word' id='word_1_141' title='bbox 808 3035 965 3122; x_wconf 79' lang='lat' dir='ltr'>quamdiu</span> <span class='ocrx_word' id='word_1_142' title='bbox 1000 3039 1130 3118; x_wconf 86' lang='lat' dir='ltr'>vixerit,</span> <span class='ocrx_word' id='word_1_143' title='bbox 1160 3063 1271 3108; x_wconf 88' lang='lat' dir='ltr'>eorum</span> 
     </span>
    </p>

    <p class='ocr_par' dir='ltr' id='par_1_11' title="bbox 230 3137 1271 3230">
     <span class='ocr_line' id='line_1_22' title="bbox 230 3137 1271 3230; baseline 0.004 -23"><span class='ocrx_word' id='word_1_144' title='bbox 230 3153 246 3178; x_wconf 92' lang='lat'>“</span> <span class='ocrx_word' id='word_1_145' title='bbox 270 3145 454 3228; x_wconf 84' lang='lat' dir='ltr'>competens</span> <span class='ocrx_word' id='word_1_146' title='bbox 470 3139 658 3216; x_wconf 88' lang='lat' dir='ltr'>corrodium,</span> <span class='ocrx_word' id='word_1_147' title='bbox 667 3137 786 3204; x_wconf 85' lang='lat' dir='ltr'>cotidie</span> <span class='ocrx_word' id='word_1_148' title='bbox 802 3139 1031 3225; x_wconf 83' lang='lat' dir='ltr'>possidendum</span> <span class='ocrx_word' id='word_1_149' title='bbox 1042 3149 1271 3230; x_wconf 68' lang='lat' dir='ltr'>competenter,</span> 
     </span>
    </p>

    <p class='ocr_par' dir='ltr' id='par_1_12' title="bbox 230 3240 1269 3330">
     <span class='ocr_line' id='line_1_23' title="bbox 230 3240 1269 3330; baseline 0.005 -20"><span class='ocrx_word' id='word_1_150' title='bbox 230 3256 246 3280; x_wconf 88' lang='lat'><strong>“</strong></span> <span class='ocrx_word' id='word_1_151' title='bbox 271 3245 312 3310; x_wconf 84' lang='lat' dir='ltr'>ed</span> <span class='ocrx_word' id='word_1_152' title='bbox 334 3243 533 3330; x_wconf 89' lang='lat' dir='ltr'>superiorem</span> <span class='ocrx_word' id='word_1_153' title='bbox 555 3263 699 3306; x_wconf 81' lang='lat' dir='ltr'>mensem</span> <span class='ocrx_word' id='word_1_154' title='bbox 722 3240 838 3307; x_wconf 89' lang='lat' dir='ltr'>domus</span> <span class='ocrx_word' id='word_1_155' title='bbox 860 3243 1033 3329; x_wconf 84' lang='lat' dir='ltr'>prsedictse,</span> <span class='ocrx_word' id='word_1_156' title='bbox 1057 3245 1137 3312; x_wconf 80' lang='lat' dir='ltr'>odeo</span> <span class='ocrx_word' id='word_1_157' title='bbox 1159 3247 1269 3328; x_wconf 89' lang='lat' dir='ltr'>libere,</span> 
     </span>
    </p>

    <p class='ocr_par' dir='ltr' id='par_1_13' title="bbox 230 3343 1271 3436">
     <span class='ocr_line' id='line_1_24' title="bbox 230 3343 1271 3436; baseline 0.006 -23"><span class='ocrx_word' id='word_1_158' title='bbox 230 3358 245 3386; x_wconf 81' lang='lat'>‘⁴</span> <span class='ocrx_word' id='word_1_159' title='bbox 269 3347 420 3436; x_wconf 78' lang='lat' dir='ltr'>plenarie,</span> <span class='ocrx_word' id='word_1_160' title='bbox 443 3352 477 3412; x_wconf 88' lang='lat' dir='ltr'>et</span> <span class='ocrx_word' id='word_1_161' title='bbox 498 3345 632 3434; x_wconf 85' lang='lat' dir='ltr'>integre,</span> <span class='ocrx_word' id='word_1_162' title='bbox 654 3349 694 3409; x_wconf 90' lang='lat' dir='ltr'>ut</span> <span class='ocrx_word' id='word_1_163' title='bbox 709 3343 831 3410; x_wconf 79' lang='lat' dir='ltr'>hebent</span> <span class='ocrx_word' id='word_1_164' title='bbox 854 3344 919 3410; x_wconf 93' lang='lat' dir='ltr'>duo</span> <span class='ocrx_word' id='word_1_165' title='bbox 935 3345 1110 3433; x_wconf 78' lang='lat' dir='ltr'>Capellam,</span> <span class='ocrx_word' id='word_1_166' title='bbox 1126 3373 1184 3416; x_wconf 83' lang='lat' dir='ltr'>scu</span> <span class='ocrx_word' id='word_1_167' title='bbox 1206 3353 1271 3419; x_wconf 91' lang='lat' dir='ltr'>duo</span> 
     </span>
    </p>

    <p class='ocr_par' dir='ltr' id='par_1_14' title="bbox 229 3446 1271 3530">
     <span class='ocr_line' id='line_1_25' title="bbox 229 3446 1271 3530; baseline 0.002 -13"><span class='ocrx_word' id='word_1_168' title='bbox 229 3463 245 3488; x_wconf 89' lang='lat'><strong>“</strong></span> <span class='ocrx_word' id='word_1_169' title='bbox 270 3451 411 3527; x_wconf 80' lang='lat' dir='ltr'>Fratres,</span> <span class='ocrx_word' id='word_1_170' title='bbox 435 3446 638 3512; x_wconf 80' lang='lat' dir='ltr'>adinvicem</span> <span class='ocrx_word' id='word_1_171' title='bbox 661 3446 696 3510; x_wconf 90' lang='lat' dir='ltr'>in</span> <span class='ocrx_word' id='word_1_172' title='bbox 719 3446 808 3512; x_wconf 87' lang='lat' dir='ltr'>dicte</span> <span class='ocrx_word' id='word_1_173' title='bbox 830 3469 942 3513; x_wconf 82' lang='lat' dir='ltr'>mense</span> <span class='ocrx_word' id='word_1_174' title='bbox 964 3449 1180 3530; x_wconf 74' lang='lat' dir='ltr'>comedentes,</span> <span class='ocrx_word' id='word_1_175' title='bbox 1203 3476 1271 3519; x_wconf 84' lang='lat' dir='ltr'>uns</span> 
     </span>
    </p>

    <p class='ocr_par' dir='ltr' id='par_1_15' title="bbox 229 3549 1267 3621">
     <span class='ocr_line' id='line_1_26' title="bbox 229 3549 1267 3621; baseline 0.001 -2"><span class='ocrx_word' id='word_1_176' title='bbox 229 3564 245 3590; x_wconf 90' lang='lat'><strong>“</strong></span> <span class='ocrx_word' id='word_1_177' title='bbox 269 3575 341 3620; x_wconf 88' lang='lat' dir='ltr'>cum</span> <span class='ocrx_word' id='word_1_178' title='bbox 365 3550 511 3618; x_wconf 87' lang='lat' dir='ltr'>corrodio</span> <span class='ocrx_word' id='word_1_179' title='bbox 537 3549 636 3614; x_wconf 84' lang='lat' dir='ltr'>unius</span> <span class='ocrx_word' id='word_1_180' title='bbox 667 3570 778 3614; x_wconf 89' lang='lat' dir='ltr'>eorum</span> <span class='ocrx_word' id='word_1_181' title='bbox 809 3549 940 3616; x_wconf 73' lang='lat' dir='ltr'>famulae</span> <span class='ocrx_word' id='word_1_182' title='bbox 972 3549 1066 3618; x_wconf 83' lang='lat' dir='ltr'>bonae</span> <span class='ocrx_word' id='word_1_183' title='bbox 1100 3574 1267 3621; x_wconf 79' lang='lat' dir='ltr'>conversa-</span> 
     </span>
    </p>

    <p class='ocr_par' dir='ltr' id='par_1_16' title="bbox 229 3651 1268 3740">
     <span class='ocr_line' id='line_1_27' title="bbox 229 3651 1268 3740; baseline 0.004 -20"><span class='ocrx_word' id='word_1_184' title='bbox 229 3667 245 3692; x_wconf 90' lang='lat'><strong>“</strong></span> <span class='ocrx_word' id='word_1_185' title='bbox 268 3655 376 3732; x_wconf 90' lang='lat' dir='ltr'>tionis,</span> <span class='ocrx_word' id='word_1_186' title='bbox 392 3675 490 3740; x_wconf 85' lang='lat' dir='ltr'>quem</span> <span class='ocrx_word' id='word_1_187' title='bbox 505 3651 676 3717; x_wconf 79' lang='lat' dir='ltr'>habebunt</span> <span class='ocrx_word' id='word_1_188' title='bbox 698 3653 761 3717; x_wconf 90' lang='lat' dir='ltr'>sibi</span> <span class='ocrx_word' id='word_1_189' title='bbox 784 3653 989 3730; x_wconf 82' lang='lat' dir='ltr'>servituram,</span> <span class='ocrx_word' id='word_1_190' title='bbox 1005 3660 1039 3720; x_wconf 89' lang='lat' dir='ltr'>et</span> <span class='ocrx_word' id='word_1_191' title='bbox 1061 3655 1179 3722; x_wconf 88' lang='lat' dir='ltr'>cotidie</span> <span class='ocrx_word' id='word_1_192' title='bbox 1194 3681 1268 3724; x_wconf 88' lang='lat' dir='ltr'>cum</span> 
     </span>
    </p>

    <p class='ocr_par' dir='ltr' id='par_1_17' title="bbox 229 3752 1267 3826">
     <span class='ocr_line' id='line_1_28' title="bbox 229 3752 1267 3826; baseline 0.003 -3"><span class='ocrx_word' id='word_1_193' title='bbox 229 3769 245 3795; x_wconf 81' lang='lat'>‘¹</span> <span class='ocrx_word' id='word_1_194' title='bbox 268 3757 370 3823; x_wconf 83' lang='lat' dir='ltr'>libers</span> <span class='ocrx_word' id='word_1_195' title='bbox 402 3752 526 3820; x_wconf 77' lang='lat' dir='ltr'>familia</span> <span class='ocrx_word' id='word_1_196' title='bbox 557 3754 655 3820; x_wconf 83' lang='lat' dir='ltr'>dictae</span> <span class='ocrx_word' id='word_1_197' title='bbox 696 3755 810 3820; x_wconf 89' lang='lat' dir='ltr'>domus</span> <span class='ocrx_word' id='word_1_198' title='bbox 842 3753 885 3820; x_wconf 81' lang='lat' dir='ltr'>nd</span> <span class='ocrx_word' id='word_1_199' title='bbox 918 3755 1091 3822; x_wconf 85' lang='lat' dir='ltr'>secundam</span> <span class='ocrx_word' id='word_1_200' title='bbox 1123 3782 1267 3826; x_wconf 81' lang='lat' dir='ltr'>mensem</span> 
     </span>
    </p>

    <p class='ocr_par' dir='ltr' id='par_1_18' title="bbox 228 3857 1266 3943">
     <span class='ocr_line' id='line_1_29' title="bbox 228 3857 1266 3943; baseline 0 -16"><span class='ocrx_word' id='word_1_201' title='bbox 228 3871 245 3898; x_wconf 87' lang='lat'><strong>“</strong></span> <span class='ocrx_word' id='word_1_202' title='bbox 268 3860 512 3938; x_wconf 66' lang='lat' dir='ltr'>comedentem</span> <span class='ocrx_word' id='word_1_203' title='bbox 545 3878 619 3943; x_wconf 85' lang='lat' dir='ltr'>quae</span> <span class='ocrx_word' id='word_1_204' title='bbox 642 3858 705 3924; x_wconf 89' lang='lat' dir='ltr'>erit</span> <span class='ocrx_word' id='word_1_205' title='bbox 726 3857 895 3935; x_wconf 81' lang='lat' dir='ltr'>movendo,</span> <span class='ocrx_word' id='word_1_206' title='bbox 918 3880 992 3924; x_wconf 92' lang='lat' dir='ltr'>cum</span> <span class='ocrx_word' id='word_1_207' title='bbox 1026 3861 1266 3929; x_wconf 77' lang='lat' dir='ltr'>rationabiliter</span> 
     </span>
    </p>

    <p class='ocr_par' dir='ltr' id='par_1_19' title="bbox 227 3959 1264 4052">
     <span class='ocr_line' id='line_1_30' title="bbox 227 3959 1264 4052; baseline 0.002 -24"><span class='ocrx_word' id='word_1_208' title='bbox 227 3975 244 4000; x_wconf 89' lang='lat'><strong>“</strong></span> <span class='ocrx_word' id='word_1_209' title='bbox 267 3985 323 4052; x_wconf 88' lang='lat' dir='ltr'>per</span> <span class='ocrx_word' id='word_1_210' title='bbox 344 3959 456 4028; x_wconf 88' lang='lat' dir='ltr'>fideles</span> <span class='ocrx_word' id='word_1_211' title='bbox 478 3961 579 4047; x_wconf 87' lang='lat' dir='ltr'>possit</span> <span class='ocrx_word' id='word_1_212' title='bbox 602 3959 739 4047; x_wconf 79' lang='lat' dir='ltr'>probari,</span> <span class='ocrx_word' id='word_1_213' title='bbox 762 3961 849 4048; x_wconf 92' lang='lat' dir='ltr'>quod</span> <span class='ocrx_word' id='word_1_214' title='bbox 882 3961 953 4047; x_wconf 81' lang='lat' dir='ltr'>ipsa</span> <span class='ocrx_word' id='word_1_215' title='bbox 975 3963 1059 4029; x_wconf 85' lang='lat' dir='ltr'>mele</span> <span class='ocrx_word' id='word_1_216' title='bbox 1090 3970 1124 4030; x_wconf 91' lang='lat' dir='ltr'>et</span> <span class='ocrx_word' id='word_1_217' title='bbox 1156 3964 1264 4030; x_wconf 90' lang='lat' dir='ltr'>incon-</span> 
     </span>
    </p>

    <p class='ocr_par' dir='ltr' id='par_1_20' title="bbox 227 4063 1264 4152">
     <span class='ocr_line' id='line_1_31' title="bbox 227 4063 1264 4152; baseline 0.001 -20"><span class='ocrx_word' id='word_1_218' title='bbox 227 4077 242 4104; x_wconf 87' lang='lat'><strong>“</strong></span> <span class='ocrx_word' id='word_1_219' title='bbox 267 4066 434 4133; x_wconf 87' lang='lat' dir='ltr'>venienter</span> <span class='ocrx_word' id='word_1_220' title='bbox 457 4085 490 4129; x_wconf 90' lang='lat' dir='ltr'>se</span> <span class='ocrx_word' id='word_1_221' title='bbox 512 4064 647 4152; x_wconf 72' lang='lat' dir='ltr'>gesserit</span> <span class='ocrx_word' id='word_1_222' title='bbox 668 4063 704 4127; x_wconf 89' lang='lat' dir='ltr'>in</span> <span class='ocrx_word' id='word_1_223' title='bbox 727 4064 821 4129; x_wconf 92' lang='lat' dir='ltr'>domo</span> <span class='ocrx_word' id='word_1_224' title='bbox 843 4065 1048 4151; x_wconf 79' lang='lat' dir='ltr'>suprodictn3</span> <span class='ocrx_word' id='word_1_225' title='bbox 1080 4072 1113 4132; x_wconf 89' lang='lat' dir='ltr'>et</span> <span class='ocrx_word' id='word_1_226' title='bbox 1146 4068 1264 4134; x_wconf 88' lang='lat' dir='ltr'>iterum</span> 
     </span>
    </p>
   </div>
   <div class='ocr_carea' id='block_1_8' title="bbox 227 4165 1264 4256">
    <p class='ocr_par' dir='ltr' id='par_1_21' title="bbox 227 4165 1264 4256">
     <span class='ocr_line' id='line_1_32' title="bbox 227 4165 1264 4256; baseline 0.001 -20"><span class='ocrx_word' id='word_1_227' title='bbox 227 4181 243 4206; x_wconf 87' lang='lat'>¹‘</span> <span class='ocrx_word' id='word_1_228' title='bbox 266 4170 307 4236; x_wconf 90' lang='lat' dir='ltr'>de</span> <span class='ocrx_word' id='word_1_229' title='bbox 329 4190 396 4234; x_wconf 81' lang='lat' dir='ltr'>uns</span> <span class='ocrx_word' id='word_1_230' title='bbox 418 4167 482 4232; x_wconf 81' lang='lat' dir='ltr'>alie</span> <span class='ocrx_word' id='word_1_231' title='bbox 503 4165 589 4232; x_wconf 83' lang='lat' dir='ltr'>bone</span> <span class='ocrx_word' id='word_1_232' title='bbox 611 4169 645 4231; x_wconf 87' lang='lat' dir='ltr'>et</span> <span class='ocrx_word' id='word_1_233' title='bbox 667 4166 877 4233; x_wconf 87' lang='lat' dir='ltr'>conveniente</span> <span class='ocrx_word' id='word_1_234' title='bbox 891 4171 934 4234; x_wconf 83' lang='lat' dir='ltr'>&#39;se</span> <span class='ocrx_word' id='word_1_235' title='bbox 957 4167 1150 4256; x_wconf 80' lang='lat' dir='ltr'>provideant</span> <span class='ocrx_word' id='word_1_236' title='bbox 1172 4171 1264 4238; x_wconf 84' lang='lat' dir='ltr'>rehe-</span> 
     </span>
    </p>
   </div>
   <div class='ocr_carea' id='block_1_9' title="bbox 224 4449 1263 4624">
    <p class='ocr_par' dir='ltr' id='par_1_22' title="bbox 224 4449 1263 4624">
     <span class='ocr_line' id='line_1_33' title="bbox 262 4449 1263 4522; baseline 0.003 -17"><span class='ocrx_word' id='word_1_237' title='bbox 262 4455 389 4510; x_wconf 80' lang='lat' dir='ltr'>&#39;Written</span> <span class='ocrx_word' id='word_1_238' title='bbox 401 4451 546 4519; x_wconf 71' lang='lat' dir='ltr'>‘praviora’</span> <span class='ocrx_word' id='word_1_239' title='bbox 563 4451 597 4516; x_wconf 78' lang='lat' dir='ltr'>by</span> <span class='ocrx_word' id='word_1_240' title='bbox 609 4449 722 4501; x_wconf 76' lang='lat' dir='ltr'>inadver-</span> <span class='ocrx_word' id='word_1_241' title='bbox 798 4449 953 4502; x_wconf 76' lang='lat' dir='ltr'>&#39;SeeLr&#39;tcr</span> <span class='ocrx_word' id='word_1_242' title='bbox 972 4452 1148 4519; x_wconf 79' lang='lat' dir='ltr'>Cuetumarum,</span> <span class='ocrx_word' id='word_1_243' title='bbox 1165 4473 1206 4522; x_wconf 87' lang='lat' dir='ltr'>pp.</span> <span class='ocrx_word' id='word_1_244' title='bbox 1224 4465 1263 4522; x_wconf 77' lang='lat'>94,</span> 
     </span>
     <span class='ocr_line' id='line_1_34' title="bbox 224 4531 1261 4624; baseline 0.004 -38"><span class='ocrx_word' id='word_1_245' title='bbox 224 4541 303 4586; x_wconf 77' lang='lat' dir='ltr'>teneo</span> <span class='ocrx_word' id='word_1_246' title='bbox 451 4612 456 4624; x_wconf 39' lang='grc' dir='ltr'>Ι</span> <span class='ocrx_word' id='word_1_247' title='bbox 636 4607 641 4620; x_wconf 94' lang='lat'>.</span> <span class='ocrx_word' id='word_1_248' title='bbox 708 4609 713 4622; x_wconf 33' lang='grc' dir='ltr'>ι</span> <span class='ocrx_word' id='word_1_249' title='bbox 767 4531 1184 4590; x_wconf 70' lang='lat' dir='ltr'>955md1nroduetiontolibo</span> <span class='ocrx_word' id='word_1_250' title='bbox 1198 4537 1261 4590; x_wconf 74' lang='lat' dir='ltr'>Cre-</span> 
     </span>
    </p>
   </div>
   <div class='ocr_carea' id='block_1_10' title="bbox 225 4693 1130 4844">
    <p class='ocr_par' dir='ltr' id='par_1_23' title="bbox 225 4693 1130 4844">
     <span class='ocr_line' id='line_1_35' title="bbox 225 4693 356 4747; baseline -0.008 0"><span class='ocrx_word' id='word_1_251' title='bbox 225 4694 266 4747; x_wconf 77' lang='lat' dir='ltr'>ber</span> <span class='ocrx_word' id='word_1_252' title='bbox 276 4693 356 4747; x_wconf 76' lang='lat' dir='ltr'>Horu.</span> 
     </span>
     <span class='ocr_line' id='line_1_36' title="bbox 314 4789 1130 4844; baseline 0.005 -4"><span class='ocrx_word' id='word_1_253' title='bbox 314 4789 387 4840; x_wconf 67' lang='lat' dir='ltr'>voh</span> <span class='ocrx_word' id='word_1_254' title='bbox 404 4790 453 4839; x_wconf 93' lang='lat'>111.</span> <span class='ocrx_word' id='word_1_255' title='bbox 1068 4794 1088 4844; x_wconf 74' lang='lat' dir='ltr'><strong>F</strong></span> <span class='ocrx_word' id='word_1_256' title='bbox 1110 4795 1130 4844; x_wconf 86' lang='lat' dir='ltr'><strong>F</strong></span> 
     </span>
    </p>
   </div>
   <div class='ocr_carea' id='block_1_11' title="bbox 0 0 1732 5734">
    <p class='ocr_par' dir='ltr' id='par_1_24' title="bbox 0 0 1732 5734">
     <span class='ocr_line' id='line_1_37' title="bbox 0 0 1732 5734; baseline 0 3"><span class='ocrx_word' id='word_1_257' title='bbox 0 0 1732 5734; x_wconf 95' lang='lat' dir='ltr'> </span> 
     </span>
    </p>
   </div>
  </div>
 </body>
</html>
