3534 5726
463 763 528 830 458
862 767 1037 818 annnsmx
1063 768 1112 818 111.

464 965 482 998 ‘⁴
503 959 627 1034 Civitas,
649 976 738 1036 snper
766 961 896 1020 montem
923 957 1020 1033 posite
1047 962 1078 1015 et
1099 957 1130 1014 in
1151 957 1225 1016 dues
1253 961 1353 1033 partes
1383 955 1502 1016 ordina·

463 1055 615 1116 “tissime
648 1059 758 1136 pereto,
793 1050 977 1132 resplenduit
1017 1057 1048 1110 et
1075 1050 1154 1111 viam
1184 1051 1389 1112 intermediam
1416 1051 1502 1112 exhi·

462 1153 479 1188 “
500 1147 599 1208 bebat.

502 1240 640 1319 “Major
660 1258 795 1318 nemque,
825 1241 857 1300 in
884 1241 1002 1298 velveto
1023 1239 1060 1298 de
1088 1239 1235 1298 crimismo
1263 1239 1449 1312 electissimo,
1471 1245 1503 1298 et

460 1342 478 1372 “
499 1342 618 1396 senetus
638 1335 911 1396 Aldermunnorum
930 1334 962 1392 in
977 1333 1103 1392 scarleto
1122 1331 1266 1391 finissimo
1285 1351 1352 1390 cum
1374 1330 1501 1391 lnrrums

461 1437 477 1466 ‘⁶
500 1429 638 1506 egregiis,
661 1434 800 1504 totusque
821 1427 949 1504 populus
979 1427 1010 1483 in
1030 1426 1108 1502 togis
1129 1425 1287 1484 albissimis
1307 1433 1339 1483 et
1368 1425 1501 1502 capuciis

460 1531 476 1557 ‘⁶
497 1524 598 1582 rubeis
619 1523 720 1581 vestiti
742 1521 886 1607 fuerunt5
907 1520 1031 1596 singule
1051 1526 1150 1581 temen
1169 1520 1297 1576 misterae
1310 1537 1364 1594 per
1385 1537 1416 1577 se
1434 1537 1502 1576 cum

459 1623 477 1649 ‘⁴
497 1617 624 1675 diversis
656 1615 749 1692 signis
778 1623 809 1672 et
844 1613 1127 1671 inbroudacionibus
1161 1612 1198 1668 de
1232 1613 1326 1671 serico
1360 1619 1390 1670 et
1435 1611 1501 1670 aliis

459 1715 476 1746 ⁶·
498 1710 608 1770 notulis
641 1709 830 1785 sumptuosis,
866 1713 945 1766 entes
976 1724 1044 1764 sues
1071 1705 1318 1783 exprimentibus
1347 1703 1500 1781 elegentes

459 1807 477 1840 ‘⁸'
497 1809 568 1861 sunt
588 1801 732 1861 distincti.

497 1900 516 1930 “
537 1895 671 1972 Cumque
691 1913 746 1975 per
776 1893 924 1954 modicum
949 1893 1077 1969 spatium
1098 1897 1272 1972 pensassent
1292 1897 1323 1953 et
1344 1899 1500 1972 expectas·

459 1995 476 2023 “
498 1997 565 2050 sent
594 1989 712 2060 ibidem,
743 1987 841 2050 dictus
861 1986 1081 2046 illustrissimus
1111 1985 1180 2046 Rex
1210 1985 1294 2046 venit
1323 2005 1341 2046 a
1368 1985 1501 2048 menenio

458 2089 476 2116 “
497 2101 550 2150 suo
570 2081 609 2142 de
629 2081 751 2146 Elthem
773 2098 877 2140 versus
899 2079 1063 2141 civitatem
1083 2080 1272 2154 antedictam,
1294 2098 1363 2145 oum
1383 2077 1500 2156 ingenti

458 2181 475 2214 “
495 2175 687 2238 multitudine
707 2174 834 2246 Ducum,
857 2172 1016 2244 Comitum,
1037 2172 1199 2246 Beronum,
1221 2191 1386 2250 procerum,
1416 2192 1499 2249 meg·

458 2275 475 2302 “
497 2277 607 2341 natum,
642 2287 675 2328 ac
704 2267 833 2328 militurn
862 2273 893 2324 et
921 2267 1141 2342 armigerorum,
1174 2285 1206 2326 se
1234 2267 1501 2336 circumdantium

458 2368 475 2398 “
496 2380 672 2452 quemnam
701 2361 779 2423 idem
799 2357 908 2438 Mejor,
937 2367 1065 2434 senatus,
1096 2367 1126 2420 et
1146 2361 1280 2438 populus,
1313 2361 1501 2444 aspexissent

458 2456 624 2532 “alonge
653 2454 831 2524 venientem,
861 2452 1030 2510 emittentes
1063 2472 1126 2529 prae
1156 2453 1265 2528 gaudio
1299 2453 1436 2512 lacrimas
1469 2453 1502 2511 in

458 2554 476 2583 ‘⁴
496 2548 636 2620 maxillis,
655 2553 686 2610 et
706 2546 864 2608 induentes
877 2545 969 2604 iidem
981 2545 1080 2626 Major
1100 2553 1131 2606 et
1151 2547 1282 2606 seniores
1292 2546 1411 2608 babitus
1433 2565 1501 2606 snos

458 2645 475 2674 “
496 2647 661 2712 consuetos,
684 2639 799 2701 scilicet
818 2637 992 2698 armilauses
1013 2638 1050 2698 de
1072 2637 1199 2698 soerleto
1227 2639 1395 2718 purissimo,
1416 2639 1501 2700 ditis·

457 2739 475 2768 ‘⁶
496 2734 569 2796 elme
593 2733 759 2812 penulatas,
792 2738 981 2795 assesserunt
1004 2732 1108 2804 eidem,
1141 2738 1172 2792 et
1195 2731 1401 2800 humiliatione
1421 2732 1501 2792 fecte

457 2831 474 2860 “
495 2847 561 2906 quse
596 2827 706 2900 decuit,
737 2825 908 2887 obtulerunt
933 2825 990 2884 sibi
1025 2843 1056 2884 so
1081 2832 1111 2884 et
1145 2843 1207 2896 sun,
1233 2826 1349 2886 votivos
1383 2845 1500 2909 quoque

456 2924 474 2956 “
494 2920 606 2979 lsetitise
622 2918 734 2994 jubilos
747 2937 820 2995 quos
845 2918 1015 2977 habuerunt
1029 2919 1066 2976 de
1090 2925 1216 2993 retentu
1237 2921 1311 2994 snoss
1323 2919 1380 2980 sibi
1401 2939 1453 2998 per
1467 2939 1500 2979 οι

457 3017 473 3048 “
494 3013 568 3080 dicti
591 3011 726 3087 Mejoris,
751 3011 882 3088 Anglice
907 3011 1076 3070 retulerunt
1099 3012 1131 3070 in
1151 3013 1215 3070 haec
1229 3014 1381 3072 verbe:-

497 3111 515 3140 “
537 3105 741 3185 ‘Sooeraipne
767 3103 877 3177 norae,
914 3125 949 3166 as
985 3105 1121 3166 welcome
1143 3104 1177 3164 be
1196 3125 1234 3186 ys
1256 3116 1285 3164 to
1306 3126 1387 3187 pour
1414 3107 1499 3168 noble

457 3205 475 3236 “
496 3199 636 3264 ‘roialma
660 3198 700 3278 os
714 3197 886 3276 anloade,
908 3199 972 3258 aad
992 3199 1025 3260 iu
1047 3199 1180 3278 especiul
1194 3209 1266 3258 aeto
1286 3219 1365 3278 your
1379 3200 1499 3266 notabis

457 3297 475 3326 “
498 3295 572 3354 ‘cite
606 3291 746 3366 London,
775 3289 929 3352 otherwise
949 3289 1051 3352 called
1076 3312 1154 3370 your
1169 3290 1346 3366 ‘clamere’
1370 3313 1406 3354 os
1432 3313 1500 3353 ever

457 3391 475 3420 “
497 3391 581 3446 ‘was
608 3384 725 3448 citano
743 3385 896 3464 prisseio
917 3383 1010 3464 place
1023 3403 1058 3444 or
1075 3384 1194 3466 pcople,
1220 3385 1285 3447 aud
1305 3385 1345 3464 of
1359 3385 1408 3449 tte
1419 3388 1502 3463 qood

457 3485 475 3516 ‘⁶
496 3480 578 3540 ‘eud
605 3480 773 3556 ¹qraetoae
787 3476 952 3556 nobeeyiap
967 3476 1008 3556 os
1024 3497 1104 3556 pour
1132 3497 1260 3540 coronae
1286 3477 1326 3558 os
1347 3479 1499 3554 Fraunce,

458 3577 476 3610 ‘⁶
499 3577 558 3635 ‘we
573 3571 685 3638 thaniae
706 3569 852 3633 heriliche
872 3590 929 3632 aar
950 3568 1051 3633 Lorde
1075 3569 1250 3650 Almyplrty,
1272 3571 1387 3637 subicite
1400 3571 1440 3650 of
1454 3573 1501 3632 Iris

457 3672 474 3700 “
497 3665 618 3729 ‘erudies
640 3685 739 3742 morey
761 3663 850 3727 sende
872 3683 933 3742 you
955 3683 1048 3741 proco
1073 3666 1106 3724 in
1124 3683 1201 3744 yoye
1238 3665 1303 3724 aad
1329 3667 1499 3746 prosperita

458 3765 476 3794 ‘⁶
497 3763 554 3822 ‘on
577 3779 613 3818 ue
636 3758 701 3818 aad
723 3757 788 3818 olle
806 3776 885 3834 your
908 3755 995 3816 other
1016 3756 1137 3836 people,
1163 3757 1236 3836 tonq
1249 3757 1309 3834 sor
1332 3769 1362 3818 to
1389 3759 1499 3838 repas?

457 3859 475 3888 ‘⁶
497 3852 563 3930 Quo
584 3851 672 3924 fecto,
695 3850 733 3912 ab
754 3851 819 3927 ipso
840 3849 970 3910 Domino
997 3849 1081 3928 Rege
1109 3851 1324 3928 gratiosissime
1343 3857 1374 3914 et
1395 3852 1499 3930 bonig-
1578 3871 1582 3882 ·

458 3950 476 3982 “
497 3946 618 4007 nissime
643 3951 713 4010 sunt
734 3943 858 4022 accepti.

498 4039 571 4098 “Et
597 4044 665 4114 post
692 4037 756 4096 haec
783 4036 862 4096 idem
882 4036 1029 4100 Dominus
1056 4035 1124 4098 Rex
1151 4057 1204 4114 per
1231 4037 1359 4098 medium
1381 4039 1498 4100 illorum

458 4139 476 4167 “
497 4131 656 4210 equitabat,
679 4148 773 4206 usque
792 4130 894 4192 villam
918 4130 954 4196 de
977 4129 1146 4206 Depforde;
1172 4131 1223 4190 nbi
1241 4134 1499 4208 processionaliter

459 4231 476 4260 “
497 4230 692 4286 occurrerunt
711 4224 739 4282 ei
759 4221 855 4300 primo
869 4224 988 4282 circiter
1011 4229 1130 4285 eentum
1148 4229 1179 4284 et
1197 4225 1306 4302 viginti
1320 4235 1450 4286 rectores
1469 4235 1500 4285 et

459 4325 476 4354 “
498 4319 594 4378 curati
617 4315 766 4388 Civitatis,
795 4316 877 4394 capis
904 4315 1067 4390 ditissimis,
1103 4324 1133 4374 et
1163 4317 1319 4394 quingenti
1354 4319 1498 4394 capellani

459 4411 652 4492 “„smculares
667 4409 883 4486 superpelliciis
902 4409 1104 4468 mundissimis
1118 4410 1234 4480 induti;
1255 4411 1360 4470 deinde
1375 4413 1498 4472 totidem

460 4511 477 4538 “
499 4505 645 4576 monaehi,
674 4499 816 4575 cononici,
846 4501 961 4572 fratres,
990 4508 1020 4560 et
1048 4503 1098 4560 alii
1125 4504 1278 4580 regulares
1302 4506 1498 4564 concinnatim

719 4655 741 4662 ι-
750 4651 1385 4662 --ψ--ῇ--ΜΠ--ᾐ-
1394 4657 1496 4664 ...κ-...-

831 4733 837 4762 ¹
852 4729 915 4784 This
928 4731 995 4780 word
1007 4729 1028 4780 is
1040 4730 1161 4781 doubtful.
