3456 5734
469 762 534 826 444
869 776 1049 828 arrarum
1072 779 1107 828 11.

466 961 556 1027 modi
590 961 849 1028 contradictione
872 961 1044 1042 habentur,
1066 967 1240 1051 asportant
1273 964 1327 1030 vel
1353 965 1519 1030 inutiliter

467 1069 628 1152 reparant.
689 1063 810 1128 Nullus
844 1064 978 1151 insuper
1015 1065 1055 1130 dc
1094 1065 1240 1132 Ciuitate
1270 1065 1517 1132 Loudoniarum

467 1166 625 1254 praedicta
646 1166 780 1252 aliquod
802 1188 906 1253 genus
926 1167 1128 1232 calciamenti
1142 1191 1202 1258 per
1217 1169 1305 1234 vicos
1320 1191 1377 1234 seu
1392 1169 1518 1256 plateas

466 1257 624 1336 &vitatis
655 1268 800 1354 ejusdem
822 1269 863 1332 ad
891 1269 1101 1335 vendendum
1132 1269 1224 1348 ferat,
1246 1269 1302 1336 vel
1331 1273 1517 1358 paralium

464 1372 546 1437 ferre
580 1371 688 1448 faciat,
721 1371 786 1436 nisi
820 1371 906 1435 iuter
943 1371 1053 1436 vicum
1091 1373 1149 1456 qui
1182 1372 1364 1459 vulgariter
1395 1373 1518 1439 dicitur

398 1544 400 1559 Ι
464 1471 787 1540 ‘Cornea'ecrcstrate'
813 1477 848 1538 et
873 1473 982 1538 vicum
998 1473 1056 1559 qui
1071 1474 1184 1540 eodem
1203 1473 1373 1540 ¹idiomate
1396 1475 1518 1542 dicitur

464 1573 720 1662 ‘Sepereslaaa'
745 1579 780 1640 et
809 1575 870 1640 hoc
906 1597 963 1662 per
993 1576 1061 1640 dies
1096 1576 1274 1662 operabiles
1303 1576 1516 1656 solummodo,

463 1683 540 1744 ante
563 1677 746 1765 prandium,
770 1682 804 1744 et
825 1678 862 1742 in
889 1677 1050 1764 Vigilibus
1080 1678 1279 1743 solemnibus
1301 1678 1516 1758 solummodo,

464 1786 539 1868 post
575 1779 775 1868 prandium
814 1801 874 1846 nec
899 1783 995 1845 extra
1029 1778 1218 1857 Civitatem,
1251 1780 1337 1844 infra
1368 1781 1515 1866 spatium

464 1883 587 1970 viginti
620 1883 785 1949 leucarum
819 1905 877 1969 per
910 1883 1092 1959 circuitum,
1122 1883 1267 1969 exceptis
1299 1882 1457 1948 nundinis
1480 1890 1517 1950 et

465 1986 604 2072 Vigiliis,
626 1985 688 2050 sub
711 2007 809 2072 poena
831 1989 1021 2071 praetaxata

509 2088 606 2166 Item,
628 2087 657 2153 si
691 2075 808 2174 aliquis
843 2087 882 2152 de
914 2086 1067 2152 libertate
1091 2085 1250 2152 Civitatis
1283 2086 1449 2172 praedictae
1472 2088 1515 2154 de

464 2191 699 2257 mercatoribus
722 2189 969 2276 quibuscunque
991 2188 1134 2254 ellutum
1166 2193 1256 2254 emat
1277 2188 1313 2252 in
1334 2210 1455 2276 grosso,
1479 2197 1515 2256 et

463 2293 623 2358 alutarius
645 2292 791 2376 ejusdem
813 2291 986 2357 libertatis·
1000 2291 1174 2378 quisquam
1207 2291 1381 2357 casualiter
1401 2315 1517 2380 super-

465 2396 585 2473 veniat,
608 2395 692 2462 bene
721 2394 818 2460 liceat
840 2393 887 2460 eis
910 2393 980 2459 sine
1004 2393 1262 2459 contradictione
1284 2393 1431 2480 alicujus,
1454 2417 1516 2461 suo

465 2499 597 2564 nomine
618 2498 673 2563 vel
706 2497 854 2575 aliorum,
877 2501 1005 2584 partem
1038 2495 1159 2562 habero
1191 2497 1228 2561 in
1258 2495 1316 2561 illa
1337 2499 1515 2584 emptione,

450 2601 543 2666 dum
566 2605 677 2666 tamen
692 2601 901 2666 securitatem
916 2599 1084 2664 venditori
1106 2598 1274 2664 invenerit
1288 2597 1515 2666 sufficientem.

464 2702 509 2767 Et
532 2702 559 2767 si
583 2703 656 2787 quis
678 2701 930 2778 contravenerit,
946 2723 1078 2787 poenam
1102 2706 1235 2766 centum
1250 2701 1428 2767 solidorum
1442 2724 1515 2768 sus-

463 2804 592 2870 tinebit.
632 2803 728 2879 Item,
756 2802 867 2868 nullus
891 2803 1068 2869 corcrarius
1090 2803 1135 2868 sit
1156 2803 1245 2870 inter
1266 2803 1432 2884 alumnos,
1447 2807 1514 2872 nisi

463 2929 522 2994 per
543 2907 736 2972 electionem
758 2927 878 2984 eorum,
902 2909 936 2971 et
958 2905 1023 2970 nisi
1046 2925 1154 2970 coram
1178 2905 1303 2990 Majore
1326 2912 1360 2972 et
1376 2907 1516 2974 Ballivis

464 3009 622 3076 Civitatis
644 3007 810 3094 praedictae
833 3007 954 3073 eisdem
977 3007 1022 3072 sit
1044 3029 1158 3073 eorum
1179 3007 1368 3091 juramento
1399 3010 1514 3077 astric-

463 3117 524 3178 tus.
571 3112 666 3188 Item,
682 3111 747 3176 duo
770 3110 920 3197 magistri
943 3131 1043 3174 uuam
1067 3111 1267 3196 eandemque
1289 3111 1433 3197 placeam
1456 3135 1514 3179 ne-

340 3273 346 3286 .
379 3273 416 3286 ..
463 3237 625 3302 quaquam
660 3219 827 3300 occupent,
850 3213 907 3278 sed
929 3213 1152 3299 unusquisque
1175 3235 1287 3278 eorum
1310 3235 1368 3300 per
1390 3237 1424 3280 se
1445 3221 1515 3283 stet

462 3323 496 3384 et
530 3321 691 3404 operetur,
714 3317 743 3382 si
765 3337 898 3403 poenam
933 3315 1079 3381 dimidiae
1111 3335 1228 3381 marcae
1255 3315 1338 3381 velIt
1369 3316 1514 3404 effugere

462 3421 743 3509 praenominatam.
784 3419 830 3483 Et
844 3423 960 3484 caveat
976 3417 1077 3483 etiam
1097 3419 1321 3505 unusquisque
1341 3420 1515 3505 praedicto-

462 3548 535 3590 rum
566 3523 797 3611 operariorum,
820 3523 880 3588 sub
916 3543 1014 3609 poena
1046 3521 1083 3585 xl
1115 3521 1301 3600 solidorum,
1335 3521 1438 3586 alium
1470 3523 1513 3590 de

461 3629 531 3694 loco
553 3627 627 3714 plus
651 3626 803 3692 donando
825 3624 974 3711 ¹·'ejicere‚
997 3623 1063 3690 nisi
1089 3625 1234 3709 aliquam
1257 3629 1379 3690 certam
1401 3629 1437 3691 et
1459 3617 1521 3692 ra?

463 3729 656 3797 tionabilem
693 3751 824 3794 causam
862 3732 1046 3793 monstrare
1083 3727 1215 3813 poterit,
1250 3727 1292 3792 ob
1330 3750 1429 3813 quam
1466 3731 1514 3795 sit

462 3833 670 3920 ²ejiciendus.
717 3831 814 3908 Item,
837 3829 866 3894 si
889 3830 1022 3916 aliquod
1045 3831 1173 3895 alatum
1197 3831 1233 3895 in
1257 3830 1406 3897 Civitate
1429 3854 1512 3918 prae-

463 3937 552 4003 dicta
585 3936 760 4000 inventum
792 3933 891 3999 firerit
922 3933 1008 3999 male
1041 3937 1238 4011 coureatum,
1261 3939 1296 3998 et
1318 3920 1380 3998 lroc
1402 3954 1511 3999 coram

464 4039 587 4125 Majore
610 4042 644 4103 et
667 4035 805 4102 Ballivis
838 4033 1003 4123 probetur,
1026 4035 1109 4101 illud
1141 4035 1269 4100 elutum
1302 4037 1434 4102 omnino
1468 4039 1511 4103 ad

463 4165 544 4230 opus
582 4140 766 4228 saepedictae
793 4137 986 4204 Communae
1018 4139 1064 4202 sit
1093 4137 1303 4215 forisfactum,
1337 4139 1511 4226 ipsumque

462 4243 555 4330 cujus
589 4248 639 4308 est
672 4241 862 4327 hujusmodi
893 4240 1026 4318 corium,
1049 4239 1205 4327 praedicta
1236 4261 1334 4326 poena
1365 4240 1511 4308 dimidiae

462 4367 579 4412 marcae
600 4343 813 4409 nihilominus
836 4343 1009 4429 puniendo.

495 4634 502 4663 ¹
513 4623 624 4684 written
636 4635 643 4660 ‘
649 4631 788 4697 ydrontotc’
806 4631 834 4681 in
852 4631 894 4682 the
911 4631 960 4682 ori-
1037 4630 1167 4681 ²Written
1179 4631 1268 4682 ‘eicere
1278 4631 1285 4656 ’
1297 4633 1347 4682 and
1358 4630 1509 4692 ‘arandara'

461 4713 538 4780 ginal.
1004 4709 1031 4762 iu
1042 4709 1085 4762 the
1096 4709 1212 4776 original.
