3456 5734
435 748 501 814 438
550 801 553 810 .
836 763 1014 812 arrasum
1037 765 1072 814 11.

263 969 312 1030 ran
313 969 358 1014 uon
343 981 412 1020 rc-an
432 950 561 1018 “tibus
599 951 850 1030 Londoniarum,
873 952 1019 1018 salutem.
1093 952 1180 1032 Quia
1201 974 1244 1018 ex
1267 953 1437 1020 clamosa
1428 969 1477 1016 m·

260 1019 448 1166 '‘¹¹52le
471 1055 656 1120 sinuatione
679 1055 790 1142 populi
813 1054 904 1141 regni
925 1055 1029 1120 nostri
1042 1055 1233 1142 accepimus,
1256 1055 1343 1141 quod
1365 1075 1478 1169 quam·

261 1133 384 1276 {paaffisy
341 1166 448 1218 rs‘wu
470 1157 580 1244 plures
601 1157 831 1235 malefactores,
855 1162 889 1222 et
909 1158 999 1244 pacis
1021 1163 1142 1224 nostrae
1164 1154 1451 1244 perturbatoresf
1441 1176 1478 1219 1n

262 1223 448 1320 ossiliass
432 1259 609 1329 “diversis
637 1258 858 1326 Comitatibus
884 1259 1031 1346 ejusdem
1057 1260 1158 1347 regni,
1183 1265 1253 1325 tarn
1268 1259 1357 1324 infra
1378 1259 1476 1324 liber-

432 1372 448 1399 “
470 1369 555 1429 tates
589 1385 688 1448 quam
719 1367 822 1440 extra,
852 1368 1015 1450 vagantur
1037 1367 1072 1430 et
1098 1363 1293 1439 discurrunt,
1330 1361 1477 1428 homiues

431 1475 447 1500 “
469 1467 506 1530 in
520 1464 720 1542 civitatibus,
742 1465 864 1552 burgis,
887 1470 922 1530 st
936 1465 1010 1532 aliis
1031 1466 1111 1531 locis
1125 1464 1264 1552 publicis
1278 1467 1314 1530 et
1328 1461 1475 1550 privatin,

430 1578 447 1604 “
468 1568 680 1634 verberantes
695 1571 730 1633 et
745 1569 844 1633 etiam
860 1568 1081 1646 vulnerantes,
1104 1573 1138 1634 et
1161 1567 1319 1653 quosdam
1342 1587 1385 1630 ex
1407 1565 1475 1630 illis

430 1679 446 1706 “
468 1669 620 1757 nequiter
642 1673 677 1734 et
699 1669 860 1734 malitiose
875 1669 1118 1748 interficientes,
1141 1675 1175 1735 ct
1201 1668 1358 1755 quosdam
1373 1689 1474 1734 mem·

429 1781 458 1852 “,
468 1772 556 1838 bris¹
574 1772 774 1850 mutilantes,
799 1792 925 1870 necnop
941 1773 1199 1860 depraedationes
1215 1777 1250 1837 et
1264 1770 1330 1836 alis
1353 1771 1475 1836 damna

429 1883 444 1910 “
467 1875 707 1962 quamplurima
729 1880 961 1962 perpetrantes,
997 1881 1032 1941 ct
1053 1876 1188 1961 insuper
1209 1895 1323 1960 parcos
1345 1879 1474 1938 nostros

429 1987 446 2013 “
467 1984 502 2044 et
516 1977 662 2043 fidelium
677 1983 863 2044 nostrorum
878 1977 1075 2064 frangentes,
1091 1983 1126 2042 et
1141 1978 1176 2042 in
1192 1979 1238 2042 eis
1253 1977 1324 2042 sine
1339 1976 1474 2042 licentia

428 2089 444 2116 ‘⁴
467 2085 587 2158 nostra,
610 2085 645 2146 st
667 2101 780 2146 eorum
795 2079 968 2147 lfidelium
991 2085 1185 2157 nostrorum,
1208 2079 1475 2166 fugantesferss-

426 2191 442 2217 “
465 2205 528 2269 quc
549 2184 585 2246 in
607 2182 728 2248 eisdem
752 2183 916 2269 capientes
938 2188 973 2247 et
995 2187 1208 2268 asportantes,
1231 2187 1265 2246 et
1287 2181 1347 2245 sub
1369 2180 1473 2246 colore

426 2295 442 2320 “
465 2285 521 2350 illo
543 2285 608 2350 alia
638 2283 782 2350 facinora
807 2283 1035 2370 multipliciter
1057 2285 1305 2362 committentes,
1332 2284 1368 2348 in
1387 2284 1473 2369 pacis

429 2397 445 2422 ‘¹
467 2393 589 2453 nostrae
633 2387 811 2467 laesionem,
834 2391 869 2451 et
900 2387 1011 2473 populi
1049 2387 1142 2473 regni
1182 2386 1286 2450 nostri
1324 2386 1473 2472 praedicti

426 2499 442 2525 “
464 2499 622 2555 terrorem
653 2489 882 2566 manifestum
921 2489 1009 2554 unde
1043 2511 1110 2554 non
1142 2489 1306 2554 immerito
1343 2493 1473 2554 contur-

425 2602 441 2628 “
463 2591 720 2657 hamum—Nos
760 2612 872 2678 pacem
906 2595 1053 2657 nostram
1090 2613 1147 2678 per
1191 2597 1300 2657 totum
1334 2613 1471 2678 regnum

425 2705 440 2728 ·‘
464 2699 622 2774 nostrum,
646 2715 705 2780 pro
727 2695 836 2779 quiete
873 2699 908 2759 ct
940 2693 1182 2780 tranquillitate
1219 2693 1332 2781 populi
1369 2693 1472 2758 nostri

424 2804 440 2829 “
462 2795 619 2881 praedicti‚
637 2797 684 2878 (ct
698 2816 737 2859 eo
751 2795 860 2880 potius
875 2817 939 2880 quo
955 2795 997 2860 ad
1019 2794 1228 2860 rebellionem
1244 2800 1278 2860 et
1299 2794 1471 2881 perfidiam

424 2907 440 2932 “
463 2897 651 2963 Scottorum
673 2896 877 2984 proditorum
900 2902 1094 2975 nostrorum,
1117 2918 1191 2962 cum
1215 2898 1278 2962 Dsi
1300 2897 1471 2984 adjutorio.

425 3010 442 3035 “
464 3000 606 3066 viriliter
627 3000 878 3086 reprimendam,
897 2999 968 3084 jam
988 3022 1101 3066 versus
1123 3005 1232 3087 partes
1256 3000 1375 3066 Scotiae
1397 3023 1471 3064 cum

301 3119 306 3130 ’
341 3121 346 3132 ·
372 3120 377 3132 ·
424 3104 610 3169 “exercitu
644 3107 757 3168 nostro
790 3102 989 3189 arripuimus
1021 3102 1084 3167 iter
1117 3103 1289 3188 nostrum)
1324 3103 1470 3168 volentes

425 3215 442 3243 “
463 3205 601 3271 firmiter
635 3209 669 3269 et
702 3203 937 3270 inviolabiliter
975 3204 1140 3270 observari
1153 3204 1262 3269 2-Ad
1300 3204 1393 3289 cujus
1415 3206 1471 3270 ob-

425 3308 679 3373 “servationem
735 3311 957 3392 competenter
1015 3305 1203 3385 faciendam,
1256 3328 1383 3372 necnon
1427 3308 1469 3372 ad

425 3410 623 3475 “malitiam
645 3407 889 3474 malefactorum
911 3408 1107 3494 hujusmodi,
1135 3408 1237 3493 juxta
1270 3431 1381 3474 eorum
1416 3411 1470 3476 de-

424 3523 440 3550 “
462 3514 587 3590 merita,
631 3512 838 3598 puniendam,
883 3511 980 3577 valde
1013 3511 1096 3576 utile
1139 3516 1330 3598 reputamus
1384 3514 1471 3599 quod

423 3626 439 3652 “
462 3617 643 3692 Statutum,
676 3614 801 3678 dudum
832 3614 920 3700 apud
955 3613 1172 3701 Wyntoniom
1202 3637 1259 3701 per
1290 3614 1469 3682 Dominum

423 3729 439 3754 “
463 3717 672 3792 Edwardum,
703 3738 809 3802 nuper
841 3716 962 3802 Regem
998 3716 1136 3803 Anglioe,
1160 3721 1287 3803 patrem
1309 3722 1467 3794 nostrum,

423 3831 439 3855 “
462 3820 503 3884 de
525 3818 690 3883 communi
712 3817 845 3883 consilio
867 3819 960 3904 regni
975 3817 1035 3894 sui,
1051 3840 1110 3904 pro
1124 3819 1366 3884 conservatione
1382 3819 1469 3906 pacis

423 3933 438 3958 “
462 3921 607 4009 ejusdem
630 3920 723 4007 regni
755 3920 890 3997 editum,
925 3925 1179 3987 manuteneatur
1200 3922 1236 3984 in
1258 3921 1409 3988 omnibus
1431 3925 1466 3986 et

423 4036 439 4060 “
463 4023 600 4111 singulis
622 4025 689 4088 suis
712 4023 858 4088 articulis
881 4028 916 4088 et
930 4028 1086 4100 servetur,
1111 4022 1152 4087 dc
1167 4023 1284 4088 vestris
1306 4022 1467 4088 fidelitate

424 4139 440 4163 “
463 4132 497 4193 et
521 4126 700 4214 diligentia,
723 4148 759 4189 ac
783 4126 1071 4213 circumspectione
1094 4125 1239 4212 provida,
1262 4125 1468 4204 confidentes,

423 4241 440 4267 “
462 4230 700 4318 assignavimus
722 4249 782 4293 vos
816 4229 858 4292 ad
891 4228 1014 4293 dictam
1030 4249 1142 4314 pacem
1165 4231 1319 4304 nostram,
1341 4252 1466 4295 necnon

424 4345 440 4370 “
463 4334 506 4400 ad
544 4333 717 4399 Statutum
755 4331 957 4418 praedictum,
1010 4331 1045 4394 in
1077 4329 1227 4395 omnibus
1261 4335 1295 4395 et
1332 4332 1469 4419 singulis

459 4619 639 4670 W'rittcn‘m
640 4617 777 4670 ιιιιιὶιιιιιῖ
944 4616 1050 4704 'rentlv
1061 4617 1291 4682 byinadvertence.

457 4699 616 4750 ²Writtcn“
628 4698 657 4750 dc
679 4696 838 4762 iafidclium?
855 4707 948 4763 appa-t
