3456 5734
397 772 571 824 nxraacrs
594 773 687 822 mou
709 759 779 822 'mm
801 745 1049 826 assrsa'rnsrs.
1184 761 1251 832 417

205 965 331 1038 natum,
355 960 521 1026 sedentem
544 959 668 1026 occulte
691 961 752 1026 sub
774 959 887 1026 eadem
922 961 1056 1038 tabula;
1087 963 1145 1049 qui
1178 964 1250 1047 qui·

206 1063 280 1128 dem
304 1062 446 1127 famulus
468 1084 556 1141 suus,
578 1062 640 1127 sub
672 1062 730 1127 illo
763 1061 922 1128 foramine
956 1064 1079 1142 sedens,
1102 1065 1249 1150 illudque

205 1171 298 1231 caute
313 1165 470 1252 aperiens,
484 1164 710 1252 particulatim
733 1170 768 1229 et
782 1165 974 1230 minutatim
994 1166 1035 1232 de
1056 1172 1150 1253 pasto
1165 1188 1249 1253 prae-

205 1269 294 1334 dicto
317 1267 487 1334 subtiliter
509 1267 666 1347 extraxit,
682 1289 818 1354 magnas
841 1268 1046 1354 quantitates
1071 1270 1111 1334 de
1134 1267 1247 1354 hujus·

206 1371 293 1438 modi
327 1377 422 1457 pasto
456 1371 644 1456 frequenter
677 1369 867 1457 colligendo,
902 1370 993 1450 falso,
1025 1370 1183 1458 nequiter,
1216 1377 1250 1437 61

204 1473 377 1551 malitiose,
400 1473 442 1537 ad
464 1493 621 1560 magnum
654 1471 812 1536 damnum
835 1471 984 1537 omnium
1005 1473 1190 1539 vicinorum
1214 1478 1249 1538 et

205 1575 431 1662 proximorum
453 1596 595 1654 suorum,
618 1596 656 1639 ac
686 1574 833 1652 ullorum,
856 1597 930 1640 cum
966 1575 1024 1640 tali
1058 1582 1153 1663 pasto
1185 1576 1251 1639 fur-

202 1678 328 1743 niando
349 1677 392 1742 ad
414 1699 448 1742 se
472 1677 684 1754 venientium,
708 1683 741 1742 et
772 1677 809 1741 in
832 1675 1023 1742 scandalum
1055 1682 1089 1742 et
1112 1677 1250 1743 dedecus

204 1781 309 1846 totius
333 1779 498 1857 Civitatis,
521 1783 557 1844 et
578 1779 740 1866 praecipue
764 1777 899 1863 Majoris
921 1785 955 1845 et
978 1779 1183 1845 Ballivorum
1206 1781 1249 1845 ad

203 1884 320 1948 assises
344 1881 500 1948 Civitatis
523 1881 752 1947 custodiendas
774 1881 1021 1967 assignatorum.
1067 1881 1165 1963 Quod
1178 1883 1252 1970 qui-

204 1985 279 2050 dem
302 1984 457 2062 foramen,
480 1983 516 2047 in
549 1983 665 2048 tabula
699 2005 758 2048 sua
789 1983 947 2069 praedicta
980 1983 1162 2063 inventum,
1184 1985 1250 2050 finit

202 2086 384 2173 prudenter
406 2089 597 2172 operatum
634 2089 669 2152 'et
692 2085 849 2164 similiter,
873 2107 993 2172 magna
1016 2085 1186 2172 quantitas
1208 2088 1249 2153 de

202 2187 393 2275 hujusmodi
421 2192 516 2274 paeto
547 2187 608 2251 sub
638 2185 798 2252 foramine
820 2187 986 2272 praedicto,
1009 2192 1043 2253 et
1076 2210 1134 2274 per
1165 2188 1248 2254 illud

200 2291 349 2355 foramen
380 2292 536 2366 extracta,
559 2293 630 2354 erat
661 2287 809 2368 inventa,
832 2293 868 2354 et
897 2309 956 2374 per
978 2288 1183 2354 Willelmum
1207 2290 1248 2354 de

202 2391 388 2478 Hertynge‚
411 2389 619 2476 clavigerum,
642 2395 676 2456 et
699 2391 858 2455 Thomam
889 2389 929 2456 de
961 2388 1072 2468 Morle,
1095 2390 1245 2456 clericum

202 2493 336 2558 Ricardi
358 2493 398 2558 (16
422 2491 598 2578 Rotbinge,
614 2491 712 2556 unius
727 2491 964 2557 vicecomitum
988 2491 1143 2559 Civitatis
1165 2515 1249 2579 prae·

200 2596 309 2672 dictae,
328 2595 466 2680 juratae,
498 2595 555 2679 qui
588 2593 757 2659 materiam
792 2595 992 2680 praedictam,
1014 2595 1084 2660 sive
1107 2599 1247 2681 paetum,

200 2699 248 2764 sic
271 2697 308 2761 in
330 2696 401 2762 loco
423 2695 578 2782 praedicto
601 2701 750 2782 suspecto
784 2697 990 2773 invenerunt,
1013 2697 1067 2762 hic
1089 2697 1125 2760 in
1149 2696 1249 2763 θυι-16

202 2805 276 2866 erat
299 2803 438 2885 portata

248 2901 315 2982 Qui
338 2900 471 2986 quidem
493 2898 671 2977 Johannes‚
694 2897 749 2964 hic
779 2919 923 2986 praesens
954 2900 990 2964 in
1021 2899 1130 2978 Curia,
1162 2923 1249 2986 quae-

202 3004 288 3068 situs
310 3001 453 3089 qualiter
485 3001 526 3066 de
557 2999 680 3078 frauda,
711 3001 845 3079 malitia,
881 3008 916 3067 et
945 3001 1135 3089 deceptione
1165 3024 1249 3090 praa·

201 3104 300 3170 dictis
330 3126 365 3170 se
397 3102 481 3168 velit
511 3101 703 3188 acquietare,
733 3107 812 3183 etc.;
858 3102 946 3169 idem
979 3104 1148 3171 Johannee
1179 3125 1250 3192 per-

201 3207 358 3274 sonaliter
391 3206 427 3270 in
460 3203 561 3271 (luris
590 3203 679 3283 dicit,
709 3205 796 3292 quod
827 3205 868 3271 de
899 3205 1023 3286 fraude,
1057 3204 1190 3285 malitia,
1216 3213 1250 3270 et

202 3308 392 3396 deceptione
422 3305 587 3393 praedictis
617 3307 654 3371 in
676 3307 768 3372 nullo
793 3311 843 3372 est
865 3306 1044 3394 culpabilis,
1068 3313 1102 3373 et
1124 3305 1165 3372 de
1189 3307 1249 3373 hoc

201 3411 298 3498 ponit
319 3431 353 3474 se
375 3430 473 3496 super
493 3409 644 3495 patriam,
667 3413 727 3476 etc.
774 3408 854 3474 Ideo
876 3409 923 3474 rei
945 3409 1068 3475 veritas
1091 3409 1168 3474 inde
1191 3430 1250 3496 per

202 3512 347 3601 patriam
369 3511 563 3598 inquiratur,
587 3515 647 3576 etc.

247 3613 433 3680 Willelmus
448 3618 517 3678 atta
532 3611 614 3692 Sele,
630 3612 797 3678 lohannes
819 3617 889 3678 atta
905 3609 1070 3689 Barnette
1087 3611 1250 3678 Robertus

201 3717 243 3782 de
282 3717 432 3794 Bertone,
471 3713 642 3781 «lohannes
688 3714 729 3779 de
774 3713 969 3791 Polberowe,
1007 3712 1169 3780 Robertue
1207 3714 1249 3780 de

202 3817 460 3896 Brokesbonrne‚
499 3817 645 3903 Rogerus
682 3816 723 3880 de
760 3815 907 3893 Miltone,
945 3820 981 3880 et
1011 3813 1169 3880 Ricardus
1207 3815 1248 3880 (16

202 3919 409 3996 Homadena,
431 3918 578 4005 pistores,
601 3923 636 3983 et
658 3916 765 3982 Alicia
786 3917 828 3984 de
850 3915 1069 4004 Brightenoth
1091 3923 1126 3982 et
1148 3917 1249 3982 Lucia

201 4023 243 4088 de
267 4021 464 4107 Pykeringe,
494 4019 650 4106 pistrices,
672 4020 708 4084 in
742 4039 881 4105 quorum
915 4018 1066 4084 domibus
1103 4017 1248 4085 inventae

201 4123 336 4190 fuerunt
376 4120 557 4188 consimiles
594 4121 726 4199 tabulae,
760 4143 834 4208 quae
871 4121 1025 4188 diumtur
1064 4119 1249 4206 ‘cnidiaq-

201 4223 355 4303 ‘bordcs,'
369 4245 444 4290 cum
459 4222 682 4290 consimilibus
694 4223 910 4289 foraminibus
923 4228 958 4288 et
972 4221 1131 4288 consimili
1146 4228 1247 4310 pasta,

202 4333 242 4393 ut
271 4325 466 4414 pmdictum
496 4329 555 4404 est,
592 4325 817 4390 fraudulenter
849 4330 883 4392 et
913 4323 1076 4390 malitiose
1105 4323 1248 4405 collecto,

204 4426 379 4495 attachiati
401 4427 536 4494 fuemmt
552 4427 593 4492 ed
616 4426 876 4514 respondendum
899 4426 941 4492 de
959 4424 1098 4505 ¹i1aude,
1113 4425 1249 4505 malitia,

478 4670 484 4702 ¹
498 4667 609 4722 Wn'tten
621 4666 756 4734 ‘fruenda'
767 4665 796 4718 in
807 4667 851 4719 tha
861 4663 978 4734 original.

291 4765 367 4818 VOL
390 4765 443 4816 ΙΙΙ.
1088 4763 1115 4813 D
1135 4763 1161 4815 D
