3456 5734
429 757 494 822 sss
687 743 689 748 ’
829 769 1007 820 rrrnumx
1029 770 1065 822 11.

428 963 573 1046 excepto,
596 956 685 1043 quod
707 955 878 1022 allutarius
901 953 1054 1040 quisellos
1075 953 1118 1020 ad
1140 975 1248 1022 ocreas
1263 955 1313 1022 de
1335 955 1474 1022 bussuto

428 1062 510 1128 bene
535 1065 570 1128 et
592 1060 682 1126 licite
703 1059 807 1124 facere
829 1061 947 1144 potest.
992 1057 1176 1123 Allutmius
1200 1059 1300 1124 stiam
1324 1059 1365 1124 de
1388 1061 1474 1126 corio

427 1163 562 1228 vaccino
599 1161 688 1228 licite
720 1183 754 1226 se
776 1159 990 1236 intromittat,
1021 1164 1055 1226 at
1093 1160 1283 1226 bassnauius
1313 1162 1474 1228 similiter.

429 1265 563 1331 Oisturii
586 1286 723 1350 quoque,
746 1267 872 1330 stantes
893 1262 931 1328 in
954 1260 1040 1327 Foro
1061 1262 1116 1328 vel
1137 1263 1227 1340 alibi,
1250 1265 1374 1328 corium
1396 1287 1473 1330 vac·

428 1370 538 1448 einum
553 1370 732 1454 operantes,
754 1365 795 1430 de
818 1385 914 1452 opere
943 1365 1039 1430 olluti
1062 1387 1121 1430 nco
1147 1365 1261 1430 basani
1284 1366 1474 1432 nullatenus

428 1493 462 1536 se
492 1470 718 1536 intromittant
747 1467 808 1534 sub
831 1489 926 1554 poena
956 1467 1120 1554 praedicta
1167 1467 1338 1546 Praeterea,
1362 1469 1475 1535 nullus

426 1572 598 1640 allutarius
627 1592 736 1636 ocreas
765 1569 905 1656 faoi[a]t,
930 1591 987 1635 seu
1027 1571 1194 1648 sotulares,
1216 1571 1257 1638 do
1280 1593 1371 1638 coreo
1386 1571 1475 1638 vitu-

426 1675 494 1740 lino
507 1697 515 1753 ;
537 1697 597 1740 nec
619 1673 702 1739 tales
716 1672 815 1737 alicui
831 1673 1017 1738 vendantur
1031 1673 1093 1738 sub
1108 1695 1207 1760 poena
1221 1674 1386 1760 praedicta,
1397 1697 1473 1740 cum

426 1776 630 1842 forisfactura
644 1774 827 1840 eorundem.

471 1878 640 1956 Praeterea,
659 1876 770 1942 nullus
793 1875 967 1941 allutarius
989 1898 1049 1942 nec
1076 1875 1266 1942 basanarius
1290 1877 1331 1941 de
1355 1882 1473 1945 caetero

426 1981 568 2066 aliquem
605 1979 844 2067 apprenticium
867 1978 1010 2066 recipiat,
1056 1979 1121 2046 nisi
1166 1979 1206 2046 de
1244 2000 1401 2046 consensu
1438 1985 1474 2046 et

426 2083 598 2148 voluntate
629 2081 761 2168 Majoris
792 2085 826 2145 et
850 2101 1040 2158 communae,
1070 2086 1105 2146 et
1136 2081 1201 2146 nisi
1231 2079 1401 2146 ¹consensu
1439 2087 1474 2148 et

426 2187 598 2252 voluntate
625 2183 759 2270 Majoris
781 2187 816 2248 et
844 2203 1034 2260 communae,
1065 2187 1100 2248 et
1122 2183 1185 2248 nisi
1208 2184 1394 2248 constiterit
1416 2208 1474 2272 per

310 2322 316 2334 ·
349 2323 354 2334 ·
426 2287 640 2354 sufficientem
678 2285 913 2374 probationem,
943 2284 1051 2372 ipsum
1081 2307 1149 2350 esse
1179 2285 1274 2352 bonae
1304 2285 1400 2352 famae
1438 2293 1473 2353 et

426 2391 572 2456 honestae
587 2387 851 2463 conversationis,
866 2385 1082 2464 tractabilem,
1096 2393 1314 2465 mansuetum,
1337 2387 1473 2475 morige-

426 2498 544 2569 ratum,
559 2495 657 2579 prout
672 2489 772 2556 dccet
819 2488 864 2554 Et
887 2488 980 2554 dabit
1002 2489 1225 2576 appr-enticius
1247 2490 1399 2556 allutario
1415 2513 1473 2577 pro

426 2617 486 2660 sua
514 2594 664 2659 doctrina
677 2592 714 2656 xl
737 2591 856 2657 solidos
872 2590 1103 2678 sterlingorum
1125 2591 1168 2656 ad
1182 2591 1315 2670 minus;
1337 2597 1373 2658 et
1387 2615 1472 2658 com-

426 2719 536 2762 munae
574 2696 741 2784 praedictae
785 2693 810 2758 ii
850 2694 978 2770 solidos,
1025 2699 1060 2758 et
1096 2694 1293 2780 pauperibus
1331 2695 1366 2758 in
1414 2695 1472 2759 illo

425 2797 529 2863 officio
552 2796 778 2873 existentibus,
793 2796 913 2882 quibus
926 2794 1100 2860 facultates
1115 2795 1248 2860 vivendi
1271 2817 1340 2862 non
1354 2819 1472 2884 suppe-

422 2904 509 2978 tunt,
525 2900 548 2964 ii
564 2898 683 2964 solidos
699 2897 871 2986 persolvet.
924 2897 1159 2983 Apprenticius
1182 2903 1293 2962 autem
1309 2898 1471 2964 basanarii

422 3001 516 3066 dabit
542 3023 601 3088 pro
624 3022 684 3064 sua
708 2999 859 3064 doctrina
880 3019 929 3062 xx
953 2997 1075 3064 solidos
1098 2999 1140 3064 ml
1163 2999 1296 3079 minus3
1328 3004 1362 3064 et
1385 3021 1471 3064 oom-

422 3125 532 3168 munae
566 3102 761 3189 supradictae
787 3100 813 3164 ii
839 3100 966 3177 solidos,
997 3105 1032 3165 ot
1061 3099 1306 3187 pauperibusii
1342 3101 1470 3178 solidos,

422 3210 521 3294 prout
536 3209 587 3270 est
608 3203 820 3268 antedictum.
867 3200 952 3266 cum
967 3223 1046 3266 vero
1069 3201 1290 3288 apprenticius
1313 3204 1469 3280 extiterit,

422 3314 456 3376 ot
471 3331 573 3374 annos
588 3329 663 3373 suos
678 3306 773 3394 plene
796 3304 1015 3392 compleverit,
1039 3312 1074 3371 et
1087 3305 1150 3370 hoo
1172 3327 1231 3392 per
1244 3306 1469 3372 testimonium

422 3412 546 3477 domini
573 3411 632 3486 sul,
646 3413 681 3473 et
707 3409 846 3474 aliorum
868 3407 1030 3472 bonorum
1053 3411 1087 3472 et
1113 3406 1267 3494 legalium
1289 3409 1469 3488 hominum,

422 3536 530 3579 coram
546 3511 672 3596 Majore
687 3515 721 3576 et
747 3509 820 3574 aliis
844 3508 955 3596 probis
971 3508 1161 3574 hominibus
1184 3509 1352 3597 praedictae
1377 3509 1467 3577 (livi-

422 3617 501 3681 totis
516 3615 638 3702 poterit
659 3611 802 3700 probare,
825 3609 967 3676 officium
989 3632 1086 3674 suum
1109 3609 1210 3676 libere
1224 3612 1333 3689 faciat,
1355 3635 1468 3678 socun-

421 3719 502 3782 dum
536 3713 805 3782 consuetudinem
838 3711 1002 3777 Civitatis.
1062 3711 1099 3777 si
1137 3733 1216 3778 vero
1246 3715 1469 3800 apprenticius

421 3820 580 3896 extiterit,
595 3823 630 3882 et
655 3837 759 3881 annos
782 3835 858 3880 suos
887 3835 954 3880 non
983 3813 1196 3900 compleverit
1224 3822 1404 3902 antequam
1433 3819 1468 3883 in

421 3921 580 4010 praedicto
617 3918 723 3984 officio
760 3917 871 4002 aliquo
900 3915 997 3980 modo
1035 3923 1195 4002 operetur,
1218 3940 1277 4005 pro
1305 3921 1468 4006 amcmgio

421 4045 583 4090 annorum
598 4041 733 4090 suorum
762 4019 894 4085 domino
916 4039 975 4084 suo
998 4018 1187 4098 satin‘aciat,
1227 4025 1262 4086 et
1286 4041 1467 4089 communae

421 4125 588 4214 praedictae
610 4123 647 4187 xl
669 4121 789 4188 solidos
812 4119 984 4207 persolvat.

466 4227 636 4302 Praeterea,
659 4228 822 4289 statutum
854 4227 912 4300 est,
942 4222 1029 4308 quod
1059 4223 1087 4286 si
1121 4227 1304 4303 extraneus,
1333 4225 1467 4292 veniens

422 4332 457 4395 in
481 4329 638 4407 Civitate,
654 4325 794 4392 officium
807 4325 962 4402 allutarli,
979 4330 1136 4410 tanquam
1148 4326 1313 4413 magister,
1324 4327 1467 4395 volucrit

422 4453 578 4510 exercere,
608 4431 699 4520 prius
729 4429 770 4493 de
800 4427 835 4492 xl
866 4427 977 4494 solidis
1016 4428 1248 4516 sterlingorum
1287 4451 1468 4498 communae

425 4609 719 4620 ,-,,-.-,...-
731 4607 781 4614 “-
788 4607 815 4614 -ο-
850 4605 982 4612 -—--—-
988 4606 1127 4612 ——---——
1135 4607 1153 4612 -.
1162 4607 1183 4612 -.
1193 4609 1294 4614 -.-—.....

489 4696 495 4724 ¹
509 4695 585 4743 From
596 4693 647 4743 this
658 4693 727 4742 word
739 4693 812 4742 down
828 4699 854 4740 to
871 4696 878 4720 ⁶
891 4691 956 4752 uui)
977 4691 999 4740 ie
1010 4705 1026 4740 a
1036 4692 1167 4756 repetition
1179 4693 1211 4758 by
1224 4693 1405 4749 inadverteuco.
